3608 5460
303 453 324 516 6
796 473 980 514 resupinus
999 467 1087 513 siano
1513 444 1588 514 1134}

303 663 429 752 ὑπάρχει
451 663 542 751 ἡῦλη
558 663 639 726 κατὰ
654 663 707 726 τὸν
722 665 828 750 resq<
843 661 979 750 λόγον1);
1002 671 1125 724 etcum
1145 682 1281 746 neque
1304 660 1588 746 corpoream¹)

303 791 376 836 eam
400 769 480 837 dicit
503 791 573 834 esse
597 769 655 833 sed
685 768 729 835 vi
760 777 801 832 et
823 768 993 832 ratione
1016 767 1122 832 videri
1155 771 1449 853 corpoream3),
1479 765 1587 833 reddit

303 875 397 942 baec:
421 877 543 965 τοιαύτη
567 868 596 940 δ’
623 871 696 940 οὖσα
712 876 781 940 οὔτε
796 886 882 963 σῶμα
897 875 932 938 ἄν
947 879 991 963 εἴη
1007 874 1077 939 οὔτε
1092 875 1258 961 ἀσώματον,
1274 865 1393 961 δυνάμει
1408 867 1442 938 δὲ
1458 886 1542 961 σῶμα
1552 874 1588 958 ⁴).

411 984 483 1048 Hac
525 982 649 1068 duplici
683 993 779 1070 atque
810 982 967 1067 ambigua
997 982 1151 1046 materiae
1182 992 1299 1046 natura
1330 980 1463 1046 definita
1496 981 1587 1067 Apu-

302 1090 385 1156 leius
409 1092 499 1156 viam
522 1100 554 1154 et
577 1091 737 1154 rationem
760 1090 830 1154 eius
854 1087 1102 1175 cognoscendae
1124 1087 1290 1172 describit,
1313 1110 1388 1152 cum
1412 1086 1492 1153 dicit
1514 1110 1587 1152 eam

303 1219 365 1265 neo
387 1208 477 1262 tactu
502 1196 570 1260 solo
589 1218 695 1282 neque
718 1207 827 1260 tamen
852 1195 920 1259 sola
943 1195 1094 1283 opinione
1118 1195 1324 1279 cogitationis
1347 1194 1502 1281 intellegi,
1529 1195 1588 1261 sed

304 1303 487 1373 adulterata
510 1304 662 1390 opinione
673 1306 705 1388 5).
738 1302 839 1369 (luins
872 1302 1073 1367 adulteratae
1096 1302 1259 1387 opinionis
1289 1325 1372 1387 quae
1396 1304 1437 1366 sit
1460 1301 1590 1367 indoles

303 1412 339 1475 in
363 1433 519 1497 suspenso
542 1409 707 1496 relinquit.
739 1408 803 1475 Sed
834 1431 911 1473 mox
942 1408 1024 1473 ideis
1049 1408 1220 1495 descriptis
1247 1408 1333 1473 redit
1355 1409 1397 1472 ad
1420 1430 1481 1494 res,
1505 1431 1591 1496 quae

304 1517 375 1583 sola
397 1517 592 1603 cogitatione
616 1517 845 1602 concipiuntur
867 1527 899 1580 et
921 1538 1003 1602 quae
1027 1514 1176 1580 sensibus
1200 1515 1364 1580 subiectae
1387 1525 1472 1600 sunt,
1494 1528 1526 1581 et
1541 1517 1589 1580 al-

302 1635 389 1689 teras
412 1622 544 1710 quidem
581 1624 739 1688 essentias
774 1645 921 1710 ,semper
951 1634 983 1687 et
1014 1622 1127 1687 eodem
1158 1623 1255 1687 modo
1286 1633 1317 1686 et
1349 1625 1399 1687 sui
1430 1645 1525 1707 pares
1549 1645 1588 1688 ac

305 1730 428 1796 similes
451 1730 603 1816 inveniri,
634 1741 677 1795 ut
706 1733 850 1817 quae⁶)
873 1751 952 1794 vere
983 1730 1066 1795 sint“
1101 1729 1189 1815 dicit,
1220 1729 1337 1794 alteras
1368 1731 1460 1795 nasci
1483 1740 1515 1794 et
1538 1730 1588 1794 in-

303 1838 402 1902 terire
436 1850 468 1903 et
502 1837 670 1924 nonssvere
694 1838 809 1923 esse7).
841 1836 895 1902 Illi
918 1837 1131 1901 essentiarum
1162 1837 1276 1921 generi
1299 1837 1405 1921 deum,
1438 1847 1591 1923 mentem,

304 1943 426 2009 formas
458 1966 578 2030 rerum,
610 1945 752 2008 animam
783 1944 985 2029 adnumerat,
1014 1943 1092 2009 huic
1115 1945 1224 2008 omnia
1247 1966 1330 2029 quae
1353 1944 1533 2030 gignuntur
1557 1954 1590 2010 et

304 2061 472 2116 mutantur
494 2051 646 2138 adsignat
656 2052 693 2136 ⁸)3
726 2062 757 2115 et
787 2073 869 2136 quae
901 2049 943 2115 de
965 2049 1022 2115 illo
1045 2049 1255 2137 disputantur
1276 2051 1402 2116 ratione
1425 2051 1534 2116 stabili
1557 2062 1591 2116 et

303 2157 401 2244 plena
425 2169 574 2222 constare
597 2156 772 2243 contendit,
803 2180 886 2243 quae
917 2157 957 2222 de
986 2157 1049 2222 hoc
1079 2157 1290 2244 proferuntur
1317 2159 1516 2223 inconstanti
1540 2157 1588 2222 di·

304 2265 487 2352 seiplina2).
510 2303 554 2313 —-
593 2263 808 2330 Desideratur
834 2265 870 2328 in
885 2264 1037 2328 binarum
1053 2265 1267 2330 essentiarum
1284 2266 1592 2330 commemoratione

304 2373 450 2458 materia,
480 2395 562 2458 quae
594 2371 635 2435 ad
670 2384 844 2457 utrumque
874 2394 978 2456 genus
1008 2370 1246 2458 quodammodo
1278 2372 1444 2458 pertinens
1468 2373 1587 2456 cogita-

304 2480 392 2544 tione
415 2481 623 2565 cognoscitur
652 2501 718 2542 non
742 2479 811 2543 sine
835 2501 989 2543 sensuum
1012 2478 1143 2542 auxilie.
1167 2479 1210 2543 Et
1231 2491 1305 2565 post
1326 2477 1401 2542 illas
1424 2479 1495 2543 eius
1518 2501 1590 2543 esse

305 2584 412 2651 locum
438 2585 740 2650 commodissimum
770 2608 866 2650 nemo
897 2608 962 2649 non
993 2585 1091 2651 videt.
1122 2586 1236 2672 Neque
1260 2587 1367 2650 minus
1390 2595 1477 2670 patet
1504 2586 1595 2650 inter·

304 2714 416 2759 rerum
439 2692 532 2757 initia
557 2691 710 2756 binarum
741 2694 956 2758 essentiarum
987 2693 1193 2776 mentionem,
1220 2715 1278 2781 per
1302 2715 1382 2778 quas
1407 2701 1525 2756 cuncta
1541 2692 1591 2778 gi-

305 2800 362 2885 gni
386 2798 550 2884 dicuntur,
574 2776 704 2885 frigere.
728 2799 814 2863 Nam
837 2801 996 2865 essentiae
1018 2799 1095 2864 illae
1118 2822 1183 2863 non
1198 2821 1285 2864 nova
1305 2798 1463 2885 quaedam
1479 2821 1592 2862 rerum

306 2916 382 2977 sunt
405 2907 499 2970 initia
522 2928 588 2971 uno
612 2905 726 2970 ordine
750 2928 825 2971 cum
848 2908 994 2992 materia,
1016 2905 1108 2991 ideis,
1139 2906 1199 2970 deo
1222 2905 1382 2991 ponenda,
1412 2905 1469 2971 sed
1492 2906 1590 2970 ratio-

305 3035 364 3078 nes
387 3012 547 3099 quaedam
571 3035 683 3078 rerum
715 3012 1023 3098 cognoscendarum,
1055 3036 1137 3099 quae
1167 3012 1208 3077 ab
1232 3012 1352 3077 Albino
1375 3013 1496 3097 optimo
1519 3014 1592 3078 iure

305 3121 340 3185 in
364 3119 553 3184 dialecticae
576 3120 778 3206 expositione
802 3118 1040 3184 describuntur.
1064 3121 1097 3185 Is
1122 3120 1209 3184 enim
1231 3129 1400 3206 postquam
1425 3118 1590 3206 duplicem

306 3227 525 3314 cognoscendi
555 3228 714 3291 rationem
746 3226 923 3291 humanam
955 3227 1129 3311 constituit,
1160 3225 1296 3290 alteram
1323 3225 1365 3290 ad
1387 3226 1590 3292 intellectum

307 3335 445 3422 (περὶτὰ
468 3338 582 3422 νοητά),
605 3333 741 3399 alteram
764 3333 806 3398 ad
830 3355 985 3398 sensuum
1008 3335 1136 3399 obiecta
1166 3337 1242 3423 (aspi
1270 3335 1311 3397 τὰ
1334 3334 1475 3421 αἰσθητά)
1499 3356 1591 3419 spec-

305 3451 375 3505 tare
398 3439 487 3525 dicit,
511 3451 543 3504 et
567 3442 707 3527 primam
732 3440 903 3505 scientiam
927 3439 1107 3528 (ἐπιστήμη),
1130 3440 1266 3505 alteram
1283 3442 1467 3529 opinionem
1491 3432 1594 3526 (δόξα)

306 3546 461 3635 appellat3
493 3558 525 3612 et
555 3546 649 3611 illam
679 3559 801 3612 certam
833 3568 873 3613 ac
904 3546 1054 3611 stabilem
1085 3570 1157 3612 esse
1187 3547 1337 3634 affirmat,
1365 3550 1484 3636 quippe
1507 3570 1591 3634 quae

308 3655 396 3721 circa
420 3665 564 3720 certast
587 3654 718 3720 stabilia
740 3665 890 3720 versetur
919 3655 1091 3741 principia,
1114 3655 1200 3719 hano
1227 3655 1451 3720 tantummodo
1473 3655 1591 3742 proba-

308 3760 407 3826 bilem
431 3766 458 3843 (ὁ
481 3753 514 3826 δὲ
537 3764 660 3836 πιθανὸς
683 3764 732 3826 καὶ
760 3761 929 3842 δοξαστικός
951 3785 996 3827 sc.
1020 3765 1128 3850 λόγος),
1160 3783 1233 3826 cum
1258 3786 1296 3827 ea
1319 3763 1451 3849 quidem
1474 3761 1593 3828 adres

308 3869 479 3935 mutationi
502 3868 661 3936 obnoxias
685 3870 845 3955 pertineat
856 3872 903 3949 1⁰).
927 3870 980 3934 Ex
1003 3892 1041 3934 ea
1064 3868 1188 3956 duplici
1213 3870 1368 3933 scientiae
1383 3880 1415 3935 et
1430 3869 1593 3957 opinionis

307 3975 431 4042 ratione
467 3977 634 4042 concludit
662 3977 760 4040 etiam
784 3976 919 4061 obiecta,
943 3998 1025 4062 quae
1048 3974 1097 4039 illi
1121 3975 1334 4061 subiciantur,
1364 3976 1592 4060 intellegibilis

308 4082 361 4169 (τὰ
383 4082 487 4171 νοητά)
511 4106 583 4149 esse
607 4095 648 4166 et,
670 4094 706 4148 ut
728 4082 879 4166 ideae¹¹),
911 4081 1078 4147 intellectu
1110 4081 1249 4147 iudicari
1272 4105 1337 4146 non
1367 4083 1437 4147 sine
1467 4083 1593 4147 ratione

416 4278 437 4349 ¹)
455 4297 480 4346 p.
501 4279 543 4346 19,
562 4280 605 4334 32.
724 4279 816 4348 ¹))p.
836 4278 880 4342 67,
901 4279 941 4332 10.
1067 4277 1141 4347 ³)ib.
1162 4296 1186 4330 v.
1206 4276 1248 4332 13.
1368 4277 1389 4342 ⁴)
1408 4296 1434 4343 p.
1454 4277 1497 4343 19,
1516 4278 1533 4330 6
1551 4295 1591 4345 sq.

309 4366 373 4436 ¹)p.
393 4367 436 4432 67,
457 4366 492 4421 14
510 4385 566 4436 sqq.
587 4371 622 4421 cf.
642 4371 702 4422 Alb.
723 4387 748 4435 p.
769 4368 812 4432 18,
831 4367 866 4420 27
884 4365 953 4438 uoq
971 4361 1082 4437 λογισμῷ
1099 4365 1198 4434 ληπτόι.

415 4455 498 4524 ⁰)Sic
526 4460 598 4509 enim
623 4458 766 4525 legendum
798 4466 839 4509 est
867 4475 927 4509 cum
945 4459 1054 4510 Rohdeo
1084 4458 1197 4524 (Jonaer
1224 4456 1483 4523 Littersturseitung
1512 4454 1595 4521 1876,

308 4547 354 4600 Νι.
374 4545 437 4618 660)
456 4564 502 4613 pro
522 4554 669 4614 atquae.

418 4634 480 4703 ⁷)p.
500 4636 543 4701 67,
563 4633 599 4689 24
616 4652 673 4703 sqq.
782 4635 802 4705 8)
820 4653 845 4702 p.
865 4637 908 4701 68,
928 4639 944 4688 5
963 4653 1019 4703 sqq.
1135 4634 1154 4702 9)
1174 4637 1210 4686 ib.
1230 4652 1255 4687 v.
1275 4635 1309 4689 12
1327 4652 1366 4701 sq.
1483 4633 1515 4704 ¹⁰>
1533 4633 1597 4687 cl·

307 4743 333 4792 p.
354 4726 396 4792 10,
414 4724 449 4778 22
468 4743 508 4792 sq.
617 4725 649 4792 ¹¹)
667 4741 692 4790 p.
713 4724 755 4790 11,
774 4726 810 4778 30
828 4743 884 4792 sqq.
