3608 5460
313 449 358 512 12
807 469 991 513 rusonauns
1009 470 1098 512 sinuo
1523 443 1595 514 [14⁰]

312 682 505 748 progressus
528 670 560 725 et
581 670 791 743 retrocessus‚
808 658 1005 724 dexteriores
1022 680 1061 724 ac
1077 658 1209 735 sinistri,
1232 681 1363 722 sursum
1379 658 1477 722 etiam
1501 657 1595 722 deor-

311 788 450 854 sumque
473 766 676 832 nitentium“.
699 766 740 832 In
771 766 908 852 septimo
938 775 1045 831 motus
1075 787 1194 850 genere
1224 764 1439 830 describendo
1462 765 1595 851 respicit

312 874 428 939 Albini
457 872 551 940 baec:
575 874 800 961 ἀφελόμενος...
834 874 888 947 τάς
917 873 1019 946 λοιπὰς
1041 877 1162 961 κινήσεις
1187 874 1276 960 μόνην
1299 877 1381 954 αὐτῷ
1404 864 1517 936 δέδωκε
1539 870 1595 960 τὴν

312 979 534 1069 κυκλοφορικὴν,
557 991 605 1043 νοῦ
628 982 677 1044 καὶ
700 978 860 1069 φρονήσεως
884 983 989 1044 οἰκείαν
1012 979 1197 1066 ὑπάρχουσαν
1209 982 1242 1062 1).

420 1086 580 1152 Mundum
600 1087 671 1151 sine
693 1087 787 1151 initio
804 1109 874 1152 esse
897 1086 989 1151 Plato
1011 1108 1172 1173 nusquam
1196 1085 1315 1151 docuit.
1338 1087 1452 1172 Itaque
1475 1084 1595 1172 Apulei

310 1193 426 1260 verba:
446 1193 676 1278 „mundum...
700 1195 771 1258 sine
793 1193 887 1258 initio
912 1215 984 1258 esse
1007 1192 1107 1257 dicit“
1133 1193 1267 1257 veritati
1289 1202 1474 1279 repugnant
1498 1202 1530 1257 et
1553 1190 1594 1257 ab

313 1300 452 1386 Apuleio
484 1299 625 1366 deducta
647 1323 719 1365 esse
742 1299 897 1366 videntur
920 1321 962 1364 ex
986 1299 1100 1364 Albini
1123 1299 1188 1363 his:
1219 1302 1291 1364 ὅταν
1315 1291 1437 1389 bistrup
1461 1300 1595 1387 γεννετδν

310 1404 383 1470 εἶναι
406 1409 457 1471 τὰν
480 1407 597 1494 κόσμον,
621 1411 678 1496 οὐχ
700 1408 792 1481 οὕτως
816 1408 975 1471 ἀκουστέον
999 1411 1101 1491 αὐτοῦ,
1125 1412 1164 1480 ὡς
1194 1407 1277 1480 ὄντος
1291 1407 1365 1471 ποτὲ
1380 1408 1493 1495 χρόνον,
1518 1401 1594 1488 ἐνῷ

310 1518 366 1579 οὐκ
388 1508 423 1602 ἦν
446 1513 599 1601 κόσμοςίμ
631 1535 708 1600 ergo
741 1535 869 1599 semper
900 1513 963 1577 fuit
993 1513 1144 1577 mundus.
1175 1515 1219 1578 At
1243 1512 1334 1577 Plato
1358 1513 1451 1577 dicit:
1474 1514 1594 1602 γέγονεν

314 1620 372 1707 (sc.
402 1622 574 1708 ὁκόσμος)·
587 1623 689 1710 ὁρατὰς
710 1622 766 1710 γὰρ
798 1622 890 1695 ἁπτὸς
919 1623 955 1685 τέ
988 1623 1107 1702 ἐστινθ).
1130 1620 1213 1685 Inde
1236 1620 1375 1706 Apuleio
1398 1619 1540 1684 mundus
1564 1630 1595 1684 et

311 1729 459 1814 tangitur
482 1738 514 1793 et
536 1728 668 1794 videtur
691 1727 905 1815 sensibusque
929 1729 1092 1815 corporeis
1123 1739 1172 1792 est
1194 1727 1320 1792 obvius.
1347 1726 1595 1792 Immortalitate

311 1857 392 1900 vero
415 1835 573 1900 mundum
590 1835 630 1900 ab
647 1834 762 1920 opifice
784 1835 969 1920 praeditum
991 1858 1071 1920 esse,
1095 1834 1190 1900 docet
1220 1834 1313 1899 Plato
1345 1833 1484 1920 (Politic.
1515 1833 1593 1920 270)

309 1963 388 2007 cum
413 1942 505 2007 dicit:
532 1943 723 2030 λαμβάνοντα
737 1943 794 2028 (sc.
818 1943 869 2006 τὸν
885 1943 1005 2031 κὸσμον)
1029 1945 1193 2008 ἀθανασίαν
1216 1940 1427 2028 ἐπιοκευαστὴν
1446 1943 1526 2028 παρά
1540 1950 1594 2005 τοῦ

314 2042 497 2138 δημιουργοῦ.
520 2049 628 2130 Quam
651 2049 843 2114 sententiam
859 2050 905 2114 ita
928 2049 1088 2135 Apuleius
1104 2049 1273 2137 expressit,
1295 2059 1332 2112 ut
1355 2048 1490 2113 diceret:
1516 2047 1595 2134 „sed

309 2155 451 2243 quodsi
476 2155 632 2221 nascendi
662 2178 794 2220 causam
818 2156 899 2220 deus
931 2158 1100 2242 praestitit
1130 2156 1204 2220 ideo
1237 2155 1413 2220 immortali
1443 2176 1595 2242 perseve-

314 2263 421 2328 rantia
450 2273 499 2328 est
530 2284 658 2348 semper
681 2262 843 2327 futurus“.

420 2368 572 2455 Corporis
597 2369 712 2433 mundi
737 2368 986 2456 descriptionem
1010 2371 1134 2456 excipit
1156 2370 1244 2456 apud
1262 2369 1432 2435 Platonem
1441 2370 1467 2456 4)
1490 2380 1522 2434 et
1537 2368 1595 2432 Al-

313 2475 462 2558 binumi)
496 2476 625 2542 animae
659 2477 774 2541 mundi
809 2476 993 2562 descriptio
1028 2480 1072 2541 At
1102 2476 1262 2563 Apuleius
1290 2486 1403 2563 suopte
1426 2477 1531 2541 Marte
1554 2475 1595 2540 de

312 2583 422 2647 anima
453 2582 598 2671 loquitur
627 2584 774 2648 omnium
804 2584 1021 2648 animantium
1043 2585 1235 2671 incorporea
1258 2594 1353 2670 atque
1374 2582 1552 2648 immortali
1562 2587 1595 2668 6),

312 2689 407 2755 cuius
429 2691 694 2777 praedicamenta
717 2712 792 2755 cum
815 2690 986 2755 Platonica
1008 2691 1124 2755 mundi
1139 2691 1248 2755 anima
1264 2700 1458 2776 congruunt.
1480 2691 1595 2777 Itaque

309 2797 411 2861 etiam
435 2799 675 2863 constructione
698 2797 827 2864 Graeca
849 2807 976 2863 retenta
1003 2800 1168 2884 „omnium
1184 2798 1408 2883 gignentium“
1427 2820 1498 2862 eam
1515 2796 1595 2861 dicit

313 2925 384 2968 esse
407 2906 569 2970 seniorem
599 2907 751 2994 (προτέραν
781 2908 832 2968 καὶ
853 2905 1060 2994 πρεσβυτέραν)
1071 2910 1108 2988 1),
1136 2915 1232 2992 atque
1255 2905 1329 2969 ideo
1353 2916 1384 2969 et
1406 2905 1595 2992 imperitare

312 3021 345 3076 et
366 3032 481 3098 regere
504 3018 555 3094 (ὡς
578 3004 707 3086 δεςπάτιν
737 3015 786 3076 καὶ
809 3010 998 3100 ulpianum
1030 3035 1076 3098 ea,
1099 3034 1238 3099 quorum
1261 3033 1375 3076 curam
1398 3011 1498 3076 fuerit
1520 3009 1596 3074 dili-

228 3198 231 3203 ,
312 3119 521 3206 gentiamque
552 3119 665 3184 sortita
697 3121 763 3208 (τὴν
794 3110 984 3184 διδασκαλίαν
1007 3125 1098 3208 αὐτῆς
1124 3122 1291 3208 πεποίηται)
1301 3122 1335 3200 ⁹).
1359 3118 1424 3186 Sed
1448 3140 1530 3205 quae
1554 3117 1594 3182 de

310 3226 423 3290 anima
456 3238 562 3290 motus
597 3227 703 3291 omnis
735 3247 833 3291 causa
866 3236 987 3310 narrat,
1022 3249 1135 3290 rursus
1170 3226 1213 3291 ad
1246 3224 1423 3312 quemlibet
1452 3225 1595 3290 animam

312 3355 332 3396 a
355 3332 491 3398 Platone
500 3335 540 3419 1⁰)
564 3343 596 3398 et
617 3333 787 3421 Albin011)
811 3333 1008 3419 referuntur,
1030 3356 1096 3398 non
1120 3333 1162 3399 ad
1185 3334 1328 3398 animam
1351 3332 1475 3397 mundi.
1498 3331 1595 3413 Quod

313 3461 389 3505 cum
412 3438 699 3505 animadvertisset
721 3439 890 3528 Apuleius,
912 3440 952 3525 ei,
975 3439 1016 3505 de
1039 3463 1103 3527 qua
1125 3439 1233 3505 adhuc
1256 3440 1444 3526 disputavit,
1468 3440 1595 3503 animae

313 3545 448 3612 cuilibet
478 3548 628 3633 opposuit
660 3547 820 3635 nillam...
852 3547 1026 3612 caelestem
1056 3547 1230 3632 animam“‚
1257 3570 1354 3634 quam
1377 3547 1595 3620 virtutess)

312 3643 455 3740 (δυνάμει)
486 3653 670 3718 animarum
700 3654 844 3718 omnium
877 3676 948 3718 esse
978 3655 1178 3739 genetricem
1190 3659 1227 3736 1³)
1252 3653 1441 3718 declaravit.
1487 3654 1594 3734 Quam

313 3781 389 3824 cum
413 3761 601 3826 subservire
632 3761 822 3826 fabricatori
852 3761 912 3826 deo
944 3761 1025 3827 dicit
1047 3773 1079 3827 et
1101 3772 1230 3849 praesto
1253 3782 1325 3825 esse
1348 3760 1390 3824 ad
1413 3760 1522 3824 omnia
1543 3761 1594 3823 in-

311 3878 411 3931 venta
445 3869 523 3953 eius,
557 3869 691 3955 respicit
724 3868 805 3934 haec
838 3868 965 3934 Albini:
996 3872 1074 3942 ὅπως
1105 3869 1312 3950 ἀποβλέπουσα
1343 3869 1412 3957 πρὸς
1440 3869 1480 3931 τὰ
1503 3867 1594 3955 νοητά

422 4101 442 4167 ¹)
461 4118 486 4166 p.
505 4100 548 4165 24,
568 4100 586 4152 3
604 4119 660 4168 sqq.
735 4101 756 4168 ¹)
773 4119 799 4167 p.
819 4100 862 4164 25,
882 4102 916 4155 27
930 4119 968 4168 sq.
1043 4099 1063 4159 8)
1081 4103 1148 4152 Tim.
1168 4099 1204 4154 28
1222 4103 1251 4154 Β.
1325 4100 1345 4166 ⁴)
1364 4101 1432 4151 Tim.
1451 4098 1487 4151 34
1503 4101 1594 4166 quq.

312 4188 376 4256 ⁸)c.
396 4187 438 4243 14.
511 4188 531 4259 ⁶)
549 4208 575 4256 p.
595 4190 638 4256 70,
657 4189 700 4245 21.
776 4189 794 4258 ⁷)
812 4194 880 4245 Tim.
900 4189 936 4244 34
954 4192 982 4242 C.
1055 4188 1076 4258 ⁸)
1094 4192 1131 4241 ib.

420 4277 518 4344 ⁹)Alb.
544 4298 568 4346 p.
594 4278 638 4344 25,
662 4280 705 4346 15,
731 4283 777 4332 ubi
802 4282 866 4347 quid
884 4281 913 4331 in
930 4280 1030 4332 lacuna
1049 4286 1111 4331 ante
1129 4275 1281 4330 διδασκαλίαν
1299 4278 1411 4343 steterit,
1431 4293 1464 4328 ex
1481 4278 1594 4342 Apuleio

312 4369 436 4420 conicere
454 4385 602 4434 possumus.

422 4455 453 4525 ¹³)
471 4458 584 4512 Phaedr.
603 4458 655 4512 245
674 4460 702 4511 0.
776 4459 809 4528 ¹¹)
827 4476 852 4524 p.
872 4457 915 4522 34,
935 4457 969 4511 12
988 4475 1027 4524 sq.

422 4546 454 4616 ¹¹)
471 4549 511 4599 sic
535 4549 606 4599 onim
625 4565 687 4599 cum
706 4549 763 4602 cod.
782 4548 939 4600 Monacensi
957 4554 984 4599 et
1002 4549 1135 4600 Vaticano
1158 4547 1301 4613 legendnm
1319 4553 1368 4597 ost.
1407 4547 1493 4598 Simili
1517 4547 1594 4598 modo

310 4635 446 4689 Graecum
464 4633 558 4706 δυνάμει
576 4638 769 4704 interpretatur
786 4638 915 4702 Apuleius
934 4653 959 4702 p.
978 4635 1022 4702 67,
1041 4637 1077 4690 ’73
1094 4653 1119 4687 v.
1140 4651 1221 4702 supra
1239 4653 1264 4701 p.
1285 4633 1344 4690 134.

422 4724 454 4796 ¹¹)
472 4743 497 4792 p.
516 4726 560 4792 70,
579 4724 622 4782 26.
