3608 5460
755 484 938 526 rasnnsnus
957 485 1045 526 sisso
1472 477 1550 549 [16⁰]

412 676 490 739 Apul.
510 693 535 740 p.
555 673 597 728 90.
617 673 652 726 22
672 690 710 741 sq.
1102 675 1162 726 Alb.
1182 691 1208 738 p.
1227 673 1270 740 43,
1290 676 1306 727 7
1325 692 1380 742 sqq.

266 765 423 822 <boni>
447 765 595 815 amicitiam
615 765 655 815 ait
673 763 774 814 sociam
794 778 864 813 eam·
938 759 1044 829 ριλία...
1071 763 1113 812 ota
1132 759 1196 828 ἄλλη
1215 761 1250 826 τίς
1269 761 1318 813 ἐστι
1343 766 1385 827 τῆς
1403 763 1550 833 συνισταμέ-

261 870 312 920 que
330 868 461 904 consensu
479 853 623 904 consistere
648 852 864 919 reciprocamque
936 869 977 917 νης
995 850 1048 901 κατ’
1067 849 1155 902 εὔνοιαν
1177 849 1341 920 ἀντίστροφον.
1366 852 1425 919 αὓτη
1444 849 1471 903 δὶ
1490 851 1550 922 ὑρί-

261 958 319 994 esse
337 958 370 992 ac
389 942 595 993 dilectionis
608 942 624 1006 ¹)
643 941 731 992 vicem
747 941 865 1004 reddere,
938 957 1029 1005 σταται,
1056 937 1112 992 ὅταν
1137 938 1219 1008 ίιιίσης
1238 937 1350 1009 ἑκάτερος
1370 939 1484 1009 βούληται
1503 940 1550 993 τὀν

260 1031 366 1097 quando
396 1040 421 1089 <
427 1047 522 1081 αιτιοι]
533 1037 576 1086 s>
589 1028 609 1096 ²)
633 1029 782 1095 aequaliter
804 1030 863 1080 red·
935 1027 1035 1095 πλήσιον
1054 1028 1093 1080 καλ
1111 1027 1194 1080 ίαυτίιν
1212 1024 1237 1081 εὖ
1255 1029 1371 1097 πράττειν.
1390 1028 1443 1097 ἡδὲ
1463 1028 1550 1098 ἰσότης

261 1126 342 1172 amat.
362 1121 412 1171 hoc
431 1121 566 1170 amicitiae
579 1119 716 1170 commodo
733 1119 865 1184 provenit,
938 1117 997 1184 αὓτη
1022 1117 1067 1170 οὐκ
1092 1117 1176 1184 ἄλλως
1202 1116 1308 1183 σώζεται,
1328 1120 1343 1182 ἢ
1361 1118 1421 1170 κατὰ
1439 1119 1483 1187 τὴν
1501 1124 1550 1171 τοῦ

261 1226 322 1261 cum
347 1210 449 1260 amicus
468 1225 537 1271 enm,
556 1225 634 1274 quern
658 1209 747 1274 diligit
766 1208 866 1273 pariter
1124 1205 1200 1273 ἤθους
1220 1205 1358 1277 ὁμοιότητα.

261 1313 293 1348 ac
330 1314 357 1348 se
394 1298 468 1362 cupit
504 1299 637 1362 prosperis
667 1297 747 1347 rebus
777 1297 864 1362 potiri.

260 1387 410 1453 aequalitas
424 1388 477 1436 ista
490 1403 543 1436 non
563 1387 642 1436 aliter
661 1387 792 1452 provenit,
812 1386 865 1435 nisi

261 1474 406 1525 similitudo
426 1473 691 1544 utro<bi>que¹¹)
715 1476 795 1540 parili
821 1492 866 1527 ca·

438 1566 518 1615 ritate
536 1566 686 1617 conveniat.

260 1669 323 1703 nam
342 1660 372 1704 nt
390 1670 467 1719 pares
485 1656 594 1719 paribus
608 1655 775 1705 inresolubili
794 1671 864 1706 nexu
937 1651 964 1703 τ“ο
983 1650 1030 1723 γὰρ
1050 1650 1131 1721 ὅμοιον
1151 1648 1186 1721 τῷ
1205 1650 1282 1722 ὁμοίῳ
1300 1651 1387 1722 μετρίῳ
1405 1649 1454 1705 ὄντι
1474 1653 1550 1718 ρίλον

260 1743 415 1808 iunguntur,
434 1744 474 1793 ita
492 1744 674 1808 discrepantes
700 1751 726 1795 et
744 1745 816 1796 inter
834 1760 862 1794 se
934 1740 1041 1811 ὑπάρχει,
1067 1740 1096 1792 τὰ
1122 1739 1147 1792 δὲ
1166 1745 1257 1810 ἄμετρα
1281 1740 1334 1793 οὔτε
1352 1740 1469 1809 ἀλλήλοις
1489 1741 1547 1794 οὔτε

297 1831 422 1883 disiuncti
446 1840 508 1881 sunt
531 1848 582 1883 nec
607 1833 719 1882 aliorum
739 1833 826 1884 amici.
962 1833 1010 1890 τοῖς
1030 1832 1171 1901 συμμέτροις
1189 1831 1283 1882 δύναται
1302 1829 1440 1901 ἐφαρμόσαι.

366 1957 617 2020 Inimicitiarum
642 1956 807 2021 diversam
830 1979 901 2021 esse
916 1958 1076 2021 rationem
1098 1959 1168 2043 ipse
1184 1955 1351 2022 concludit
1372 1955 1547 2044 Apuleius,

261 2063 353 2127 cuius
376 2065 411 2126 in
434 2062 545 2128 verbis
567 2086 625 2150 pro
652 2065 796 2148 „sectas“
825 2064 981 2150 ,factast
1007 2063 1194 2150 reponenda
1217 2075 1302 2130 sunt.
1346 2065 1460 2149 Pergit
1484 2064 1545 2129 Al-

259 2170 378 2235 binus:
402 2173 454 2233 είσὶ
476 2161 511 2234 δέ
534 2194 606 2244 τινες
628 2173 677 2234 καὶ
701 2170 789 2235 ἄλλαι
819 2162 1001 2259 νομιζόμεναι
1031 2174 1121 2255 φιλίαι
1130 2175 1154 2255 ⁴)
1186 2181 1417 2258 enumeratque
1445 2182 1546 2236 natu-

259 2274 361 2340 ralem
392 2287 565 2362 parentum
595 2278 629 2340 in
653 2276 773 2342 liberos
797 2289 1072 2364 cognatorumque
1102 2279 1188 2342 inter
1211 2300 1246 2342 se
1268 2275 1545 2363 benevolentiam,

259 2394 329 2448 tum
353 2383 485 2448 civilem
508 2405 547 2447 ac
571 2383 761 2448 sodalicium
784 2385 970 2468 amicitiam,
995 2384 1134 2470 denique
1155 2407 1307 2469 amorem,
1329 2385 1364 2449 in
1387 2408 1450 2471 quo
1474 2395 1545 2450 tres

261 2489 506 2575 distinguuntur
538 2491 675 2576 species:
705 2488 850 2577 honesta,
880 2493 994 2578 turpiS,
1026 2491 1142 2577 media,
1172 2514 1255 2578 quae
1283 2491 1387 2556 tribus
1411 2492 1544 2557 animae

259 2596 406 2682 partibus
431 2597 634 2684 respondent.
680 2598 773 2678 Quae
804 2599 913 2661 omnia
942 2598 1092 2685 pluribus
1123 2608 1338 2684 exponuntur,
1365 2599 1544 2686 praecipue

259 2704 325 2769 viri
347 2703 424 2768 boni
447 2727 546 2768 amor.
592 2703 717 2769 Eadem
741 2704 810 2771 fere
827 2705 985 2792 Apuleius
1001 2705 1178 2793 protulit5),
1202 2706 1259 2769 sed
1276 2705 1433 2770 nonnulla
1449 2728 1544 2771 more

260 2832 318 2873 suo
340 2832 511 2896 perperam
535 2811 704 2896 intellexit,
728 2812 793 2876 alia
808 2811 987 2899 ampliavit.
1010 2813 1166 2879 Amicitia
1182 2812 1313 2899 quidem
1336 2813 1542 2878 necessitatis

260 2938 359 2981 causa
382 2919 555 2983 coniuncta
578 2929 628 2982 est
650 2940 698 3004 ea,
722 2942 819 3004 quam
842 2920 986 3005 effugere
1009 2943 1074 2985 non
1098 2943 1279 3007 possumus,
1304 2942 1379 2985 cum
1402 2941 1440 2984 ea
1463 2941 1541 2983 san-

258 3025 357 3108 guine
381 3035 412 3088 et
436 3026 628 3109 cognatione
645 3035 777 3090 constet.
803 3027 1110 3111 ,Necessitudinum
1133 3028 1243 3091 ιιιιιοτίι
1267 3026 1348 3114 quid
1364 3026 1426 3091 sibi
1449 3025 1541 3112 velit,

260 3129 416 3195 docemur
449 3131 559 3197 verbis
594 3131 720 3196 Albini:
754 3137 773 3220 ἡ
803 3137 863 3197 τῶν
893 3145 1040 3222 συγγενῶν
1069 3136 1138 3222 πρὸς
1169 3135 1314 3223 ἀλλήλους
1348 3155 1391 3198 sc.
1415 3136 1495 3222 ριλία
1506 3137 1541 3218 ⁶),

262 3239 383 3324 „Amor
406 3237 582 3303 abhorrens
605 3239 645 3304 ab
670 3238 881 3304 humanitatis
905 3239 1108 3317 clementia“‚
1131 3242 1166 3305 in
1189 3264 1253 3327 quo
1276 3241 1439 3305 amicitiae
1458 3262 1540 3325 ,nec

260 3356 390 3409 mutuae
414 3357 490 3410 sunt
512 3367 573 3410 neo
596 3346 793 3433 reciprocari
817 3347 971 3432 queunt“,
994 3347 1169 3433 respondet
1184 3349 1231 3413 eis
1247 3347 1360 3413 Albini
1376 3346 1540 3431 amicitiis,

260 3452 301 3519 de
324 3452 443 3539 quibus
466 3451 620 3538 legimus:
643 3448 731 3517 αὗται
753 3445 787 3518 δὲ
809 3459 863 3517 οὐκ
879 3457 924 3518 ἀεὶ
940 3461 1036 3536 ἔχουσι
1058 3456 1094 3519 τὰ
1110 3458 1296 3543 ἀντίστροφον
1311 3464 1364 3543 τῆς
1387 3456 1539 3540 advoluti).

259 3558 428 3623 Eiusmodi
452 3582 542 3623 amor
565 3583 630 3624 non
657 3562 813 3648 „sanitate
843 3584 882 3627 ac
911 3562 1128 3647 paenitentia“
1154 3563 1355 3645 terminatur,
1378 3583 1461 3647 quae
1483 3583 1540 3626 oo·

259 3665 370 3730 dicum
393 3665 489 3730 lectio
513 3677 570 3750 est,
594 3668 651 3732 sed
678 3669 935 3755 ,satietate“,
958 3669 1134 3755 quodiam
1157 3667 1256 3733 editio
1278 3669 1425 3733 Romana
1447 3667 1538 3752 prin·

259 3795 336 3858 ceps
360 3774 480 3860 optime
511 3775 661 3860 restituit,
692 3798 711 3839 a
741 3774 970 3842 Goldbachero
993 3775 1151 3862 neglecta.
1198 3775 1306 3839 Etiam
1333 3777 1396 3840 tria
1418 3776 1539 3839 amoris

260 3902 380 3964 genera
403 3880 443 3945 ab
467 3880 653 3946 Albinianis
663 3883 687 3969 ⁸)
711 3906 776 3947 non
800 3882 967 3948 differunt:
991 3885 1200 3970 quorum9)
1223 3905 1308 3947 unus
1331 3881 1464 3947 divinus
1487 3893 1539 3947 est

259 4008 335 4050 eum
358 3987 546 4075 incorrupta
569 3999 677 4054 mente
701 3992 898 4056 conveniens
915 3997 988 4072 (ἔστι
1011 3982 1044 4054 δὲ
1059 3991 1181 4078 ἐρωτικὴ
1205 3994 1224 4077 ἡ
1248 3990 1300 4077 μὲν
1323 3993 1434 4073 ἀστεία,
1449 3993 1467 4077 ἡ
1483 3999 1539 4079 τῆς

258 4086 416 4168 σπουδαίας
439 4098 545 4184 ψυχῆς)
577 4095 659 4161 alter
690 4096 862 4182 degeneris
893 4098 994 4161 animi
1018 4107 1049 4162 et
1073 4097 1336 4182 corruptissimae
1359 4096 1537 4183 voluptatis

260 4206 290 4289 (ἡ
314 4193 346 4264 δὲ
370 4203 465 4289 φαύλη
495 4208 514 4291 ἡ
545 4211 598 4291 τῆς
620 4204 734 4291 κακῆς).
769 4204 899 4268 Tertius
923 4225 965 4268 ex
987 4214 1123 4291 utroque
1146 4205 1337 4291 permixtus,
1361 4203 1536 4268 mediocris

369 4397 387 4463 ¹)
406 4400 453 4449 sic.
472 4399 614 4465 legendnm
627 4415 687 4449 oum
707 4401 898 4463 Laurentiano,
911 4401 957 4466 qni
972 4401 1159 4464 ,delectionis“
1175 4402 1299 4464 praebct;
1319 4401 1366 4451 alii
1379 4401 1453 4453 codd.
1473 4401 1538 4464 „de-

259 4487 429 4538 lectationis“
449 4488 584 4538 exhibent.

367 4574 387 4641 ¹)
405 4576 540 4642 supplevit
558 4578 658 4630 Rohde.
733 4575 752 4636 ³)
771 4579 893 4644 equidem
916 4580 1011 4644 scripsi
1034 4595 1096 4631 cum
1123 4586 1252 4645 ,utraque
1270 4596 1303 4629 ex
1322 4581 1413 4644 parte“
1433 4578 1538 4629 deside·

260 4674 340 4717 retur.
413 4665 433 4730 ⁴)
453 4682 477 4732 p.
496 4665 540 4730 43,
560 4663 594 4717 13
613 4682 669 4732 sqq.
743 4665 763 4732 ⁶)
782 4684 807 4732 p.
826 4665 869 4720 91.
942 4665 961 4736 ⁰)
980 4685 1005 4733 p.
1025 4665 1068 4732 43,
1089 4667 1130 4720 15.
1206 4665 1224 4734 τ)
1243 4670 1279 4720 ib.
1299 4685 1323 4720 v.
1344 4667 1386 4720 16.
1459 4664 1479 4733 8)
1498 4669 1536 4718 ib.

259 4771 284 4804 ν.
306 4753 418 4807 18-22.
492 4752 513 4820 ⁹)
532 4756 570 4806 sic
589 4757 661 4807 enim
679 4756 821 4822 legendum
840 4764 881 4808 est
899 4773 946 4822 pro
967 4757 1078 4824 ,qnod“.
