3608 5460
313 442 336 504 2
808 464 990 506 responsus
1010 465 1098 506 srnxo
1523 442 1596 512 [130l

313 652 417 718 libelli
440 653 610 739 conspexit
632 652 906 717 necessitudinem
931 675 1006 718 cum
1029 653 1186 739 opusculo
1208 658 1273 742 περὶ
1288 658 1433 743 ἑρμηνείας
1456 656 1596 721 interce-

316 759 453 844 dentem,
478 758 563 845 quod
594 758 635 822 ab
659 759 797 844 Apuleio
821 761 993 846 scriptum,
1017 760 1070 824 vel
1093 761 1200 846 potius
1224 784 1242 826 e
1265 761 1393 827 Graeco
1417 762 1597 848 exemplari

309 865 606 950 translatumesse,
630 867 823 952 persuasum
839 865 955 931 habuit
977 877 1008 931 et
1031 868 1065 930 in
1088 891 1152 953 quo
1175 867 1369 953 explicando
1393 868 1532 933 multum
1548 868 1597 932 la-

313 972 402 1037 boris
425 974 577 1060 posuit1).
609 973 715 1057 Magis
739 973 859 1036 mirum
883 983 932 1037 est
954 972 1048 1036 illam
1077 974 1352 1039 necessitudinem
1376 976 1503 1039 minimi
1526 975 1597 1041 fac-

313 1091 378 1144 tam
404 1103 475 1144 esse
507 1101 526 1143 a
557 1081 697 1165 Hugone
727 1063 875 1165 Kleistio,
907 1081 962 1166 qui
993 1079 1214 1166 philosophiae
1237 1080 1369 1144 moralis
1394 1081 1434 1146 ab
1458 1081 1597 1169 Apuleio

313 1187 498 1273 descriptae
521 1186 645 1252 fontem
667 1187 815 1272 ignotum
838 1188 1035 1251 constituere
1051 1187 1174 1272 maluit,
1197 1210 1216 1250 a
1240 1186 1433 1275 philosopho
1456 1188 1597 1275 quodam

314 1292 512 1359 Academico
546 1317 563 1358 e
598 1293 736 1358 divorsis
772 1293 979 1358 diversarum
1014 1303 1177 1358 sectarum
1211 1293 1340 1380 placitis
1376 1296 1596 1380 conflatum2),

314 1423 412 1486 qnam
440 1423 511 1465 eam
543 1423 618 1464 cum
648 1399 762 1466 Albini
793 1423 981 1486 comparare
1012 1401 1169 1486 doctrina,
1200 1403 1392 1487 praesertim
1423 1425 1497 1467 cum
1527 1405 1597 1490 ipse

316 1506 402 1572 hanc
418 1507 589 1594 protulerit
605 1509 812 1572 sententiam:
831 1506 1124 1592 „Academicorum
1140 1509 1251 1573 nescio
1267 1530 1308 1571 an
1325 1507 1413 1572 solus
1429 1509 1599 1593 Alcinous,

317 1614 436 1700 Apulei
462 1614 600 1679 fortasse
612 1613 766 1700 aequalis,
789 1613 946 1678 nonnulla
970 1616 1004 1678 in
1028 1614 1179 1678 omnibus
1202 1613 1424 1701 philosophiae
1448 1615 1597 1701 partibus

311 1720 476 1804 exhibeat,
501 1743 582 1807 quae
599 1722 728 1807 propius
741 1720 782 1785 ad
798 1720 959 1807 quaedam
974 1720 1096 1807 Apulei
1111 1720 1233 1807 placita
1248 1720 1425 1786 accedant“
1438 1723 1471 1806 ⁸).
1496 1723 1597 1789 Ouius

316 1830 495 1893 sententiae
518 1831 689 1893 immemor
712 1827 973 1914 Goldbacherus,
995 1851 1070 1894 cum
1095 1853 1122 1892 a.
1148 1829 1234 1894 1876
1257 1829 1378 1915 Apulei
1408 1829 1518 1906 libros,
1541 1831 1598 1916 qui

311 1946 391 2000 sunt
414 1935 454 2000 de
478 1934 689 2022 philosophia,
713 1936 832 2021 ederet,
854 1935 1035 2021 Platonem,
1057 1934 1274 2021 Aristotelem,
1298 1934 1377 2000 alios
1401 1937 1465 2001 iam
1489 1936 1598 2002 aHil-

314 2041 494 2107 debrandio
518 2041 667 2107 laudatos
689 2044 775 2108 inter
798 2041 965 2128 scriptoris
989 2042 1123 2130 protulit
1138 2053 1287 2107 auctores
1304 2042 1418 2107 Albini
1442 2045 1598 2108 memoria

314 2148 411 2234 plane
434 2149 591 2234 neglecta,
615 2172 713 2235 quam
742 2172 847 2235 neque
878 2171 996 2214 novem
1028 2150 1123 2213 annis
1154 2159 1227 2235 post
1258 2150 1402 2234 respexit
1429 2151 1463 2213 in
1487 2150 1597 2215 libello

313 2260 378 2344 napi
401 2260 547 2344 ἑρμηνείας
578 2257 777 2321 recensendo
786 2258 821 2342 4).
852 2258 895 2321 Et
926 2257 981 2342 qui
1010 2257 1160 2343 proximo
1190 2254 1292 2319 lustro
1324 2255 1465 2320 multum
1492 2260 1599 2344 posuit

316 2362 416 2427 studii
439 2385 478 2428 ac
501 2362 624 2427 laboris
649 2386 723 2428 cum
746 2364 781 2426 in
804 2362 923 2450 Apulei
948 2364 1016 2428 vita
1047 2364 1242 2447 accuratius,
1272 2385 1370 2449 quam
1394 2375 1469 2428 ante
1491 2363 1597 2448 fiebat,

262 2548 267 2557 Ι
316 2471 505 2555 enarranda,
536 2482 606 2534 tum
635 2472 670 2534 in
703 2471 832 2557 scriptis
856 2471 926 2535 eius
950 2468 1156 2557 explicandis
1168 2474 1200 2555 ⁵),
1228 2470 1475 2535 Maximilianus
1497 2471 1599 2535 Kaw-

262 2560 268 2665 l
316 2577 463 2664 osyriski,
488 2577 529 2641 ad
553 2577 655 2642 alium
677 2578 777 2642 finem
800 2575 988 2642 attendebat
1010 2576 1166 2663 animum,
1190 2599 1287 2664 quam
1311 2587 1347 2641 ut
1370 2576 1477 2642 fontes
1500 2577 1599 2642 libro-

264 2678 267 2705 *
315 2706 397 2770 rum,
420 2685 476 2770 qui
500 2685 542 2748 ad
565 2684 803 2772 philosophiam
826 2684 1000 2771 pertinent,
1024 2683 1131 2750 denuo
1153 2684 1377 2770 investigaret.

423 2791 585 2878 Equidem
610 2813 685 2856 cum
716 2814 821 2878 nuper
844 2794 1023 2857 sententiae
1046 2790 1235 2857 Platonicae
1257 2790 1298 2857 do
1321 2791 1523 2879 philosophis
1547 2812 1599 2856 re-

315 2899 491 2984 gnantibus
515 2898 592 2962 fatis
616 2898 808 2963 enarrandis
824 2910 1001 2985 occupatus
1018 2898 1139 2985 Apulei
1161 2909 1193 2963 et
1216 2898 1328 2962 Albini
1353 2897 1536 2963 doctrinam
1559 2898 1599 2962 de

314 3004 436 3090 optima
459 3005 629 3091 republica
659 3005 795 3069 eandem
827 3027 898 3070 esse
929 3006 1182 3092 conspexissem,
1214 3007 1298 3071 scire
1321 3004 1420 3088 volui,
1448 3005 1597 3090 quisnam

315 3113 460 3177 virorum
484 3111 653 3177 doctorum
683 3111 778 3196 plura
808 3134 860 3176 me
893 3112 934 3175 de
966 3112 1136 3198 utriusque
1160 3113 1329 3198 scriptoris
1356 3109 1598 3177 necessitudine

316 3217 455 3284 doceret.
480 3218 615 3283 Nullum
639 3218 759 3283 inveni.
783 3220 898 3306 ltaque
921 3219 991 3305 ipse
1015 3218 1158 3282 maximo
1182 3216 1289 3283 studio
1313 3229 1346 3284 et
1368 3216 1487 3304 gaudio
1508 3219 1599 3304 operi

315 3349 367 3391 me
389 3326 518 3391 accinxi
544 3348 581 3390 eo
606 3325 782 3412 Apuleiani
805 3325 953 3412 opusculi
987 3324 1166 3411 exemplari
1198 3347 1286 3410 usus,
1309 3323 1396 3412 quod
1426 3336 1502 3391 ante
1525 3336 1598 3391 octo

317 3433 386 3499 fere
409 3456 510 3497 annos
534 3437 575 3516 (a.
601 3434 700 3516 1896)
724 3455 743 3497 a
766 3432 932 3499 Guilelmo
954 3431 1083 3497 Krollio
1106 3453 1196 3497 nunc
1218 3431 1525 3522 Gryphiswaldensi
1541 3432 1599 3498 ad-

316 3540 535 3605 notationibus
558 3540 754 3605 instructum
777 3549 827 3604 est
842 3539 884 3603 ad
900 3537 1059 3604 Thesauri
1082 3538 1216 3627 linguae
1238 3539 1376 3605 Latinae
1398 3541 1599 3627 propositum

317 3646 548 3732 spectantibus.
578 3648 621 3712 Et
651 3670 728 3711 mox
751 3646 969 3712 animadverti
992 3645 1121 3712 Krollio
1152 3646 1272 3733 Apulei
1295 3658 1327 3711 et
1350 3646 1464 3711 Albini
1485 3666 1598 3709 neces-

318 3752 493 3818 situdinem
515 3753 680 3840 quandam
703 3755 869 3839 cognitam
892 3776 977 3839 esse,
1016 3755 1072 3840 qui
1103 3753 1210 3818 sexies
1246 3752 1401 3819 lectorem
1432 3751 1474 3815 ad
1504 3750 1599 3815 Albi-

318 3879 397 3923 num
423 3859 629 3946 relegaverit.
659 3861 734 3942 Qua
764 3884 799 3925 re
830 3872 1000 3948 perspecta
1031 3859 1203 3926 confestim
1234 3859 1343 3924 virum
1375 3857 1598 3922 doctissimum

317 3987 376 4053 per
398 3965 522 4031 litteras
545 3966 612 4031 adii
635 3965 874 4052 interrogando,
896 3969 1009 4053 ipsene
1033 3988 1104 4030 eam
1126 3987 1197 4031 rem
1219 3964 1368 4051 pluribus
1392 3965 1599 4050 expositurus

426 4161 443 4229 1)
463 4164 529 4216 Ibid.
549 4181 574 4229 p.
594 4160 746 4217 ors-591.

425 4250 445 4319 1)
463 4254 503 4303 De
521 4253 661 4318 Apulei...
681 4253 758 4318 libro,
778 4253 823 4318 qui
841 4252 999 4303 inscribitur
1016 4251 1049 4302 de
1060 4250 1231 4316 philosophia
1248 4250 1359 4314 morali,
1378 4250 1442 4301 diss.
1462 4250 1600 4315 Goetting.

321 4339 392 4394 1874
408 4357 435 4406 p.
454 4340 497 4394 ta.

426 4429 443 4497 ⁸)
463 4432 481 4482 l.
500 4432 517 4484 l.
537 4449 563 4497 p.
581 4429 625 4484 41.
663 4429 684 4500 ⁴)
703 4432 812 4482 Wiener
831 4430 942 4482 Studien
961 4431 1020 4494 vn,
1041 4427 1119 4494 1885,
1138 4444 1163 4496 p.
1184 4426 1236 4481 251
1256 4444 1313 4494 sqq.

422 4518 443 4587 ὅ)
461 4521 496 4570 ad
521 4527 642 4571 noemam
659 4521 845 4586 quaestionem
863 4520 980 4584 pertinet
1004 4519 1126 4571 libellus:
1146 4519 1186 4568 De
1208 4517 1331 4568 oratoriis
1357 4524 1383 4568 ot
1402 4516 1595 4582 philosophicis

319 4610 415 4675 Apulei
432 4610 539 4675 seriptis
553 4609 584 4678 (Ο
596 4609 719 4675 pismach
731 4609 900 4660 oratorskich
917 4609 928 4658 i
946 4606 1145 4672 filosoficznych
1157 4606 1339 4672 Apulejnsaa),
1352 4606 1507 4669 cracoviae,
1521 4602 1600 4666 1900,

319 4714 437 4749 seorsum
455 4699 615 4764 impressum
633 4714 648 4749 e
666 4699 757 4749 XXXI
774 4703 793 4750 t.
812 4697 917 4749 dissert.
937 4697 1020 4748 Acad.
1039 4697 1122 4747 litter.
1142 4696 1253 4747 Oracov.
1272 4695 1368 4746 classis
1390 4694 1483 4760 philol.
