3608 5460
266 403 339 473 l1⁸1l
415 429 456 468 nie
470 427 581 469 aeunni
597 427 636 468 nn
654 428 756 466 innisi
772 425 943 468 noorairmn
959 428 1147 469 Pannonicas
1161 428 1400 470 snuuausmoun
1499 405 1542 469 33

261 617 386 703 ingenii
409 627 441 682 et
465 615 628 703 cupidinis
660 615 807 682 modicae
838 618 924 705 (μέση
956 609 988 680 δὲ
1019 622 1116 705 ητης
1139 617 1232 704 μέσως
1254 609 1456 708 διακειμένης).
1502 620 1542 684 In

261 723 382 811 triplici
413 745 523 787 amore
555 722 769 789 describendo
800 745 846 808 ea,
877 745 960 809 quae
991 724 1031 788 ab
1062 723 1183 788 Albino
1210 725 1363 790 amicitiis
1387 725 1543 790 attributa

164 919 167 923 Ι
263 842 346 917 sunt,
362 830 522 917 Apuleius
539 831 657 894 animis
674 831 797 916 tribuit,
820 840 856 894 ut
871 851 943 917 pro:
967 835 985 918 η
1006 831 1130 918 μὲνγὰρ
1147 832 1242 920 φαύλη
1267 836 1323 915 (sc.
1340 835 1432 919 φιλία)
1455 834 1542 921 μόνου

259 949 314 1003 τοῦ
329 940 465 1026 σώματός
481 941 553 1021 ἐστι,
569 948 621 1002 τοῦ
632 929 717 1026 ηδέος
728 938 886 1026 ἡττωμένη
898 940 947 1001 καὶ
963 940 1059 1026 ταύτη
1072 929 1319 1027 βωσιιηματώδης,
1329 939 1500 1027 ὑπάρχουσα
1510 944 1542 1023 Ῑ).

261 1044 422 1130 legamus:
448 1047 642 1130 „animas...
675 1043 833 1109 fusciores
863 1043 979 1131 inpelli
1002 1044 1156 1130 cupidine
1180 1066 1350 1130 corporum
1375 1047 1460 1129 cet“3
1483 1069 1543 1133 pro

260 1157 280 1240 η
305 1145 337 1216 δὲ
361 1156 464 1216 ἀστεία
486 1151 569 1240 ψιλῆς
591 1161 645 1238 τῆς
667 1150 761 1240 ψυχῆς
784 1152 890 1237 ἕνεκεν,
913 1148 931 1240 ᾗ
957 1153 1089 1240 ἐνορᾶται
1112 1143 1318 1240 έτιτηδηιότης
1344 1154 1413 1242 πρὸς
1437 1153 1543 1241 ἀρετήν

264 1259 358 1346 „illas
381 1281 470 1344 vero,
498 1274 659 1345 <quae>
686 1257 812 1324 facetae
835 1268 867 1322 et
890 1257 1035 1323 urbanae
1059 1259 1132 1342 sint,
1155 1260 1281 1323 animas
1305 1259 1464 1324 bonorum
1487 1259 1544 1326 de·

261 1389 373 1431 amare
397 1366 477 1430 cet“.
523 1365 587 1430 Sed
618 1365 652 1429 in·
685 1386 724 1429 ea
754 1364 983 1430 attributorum
1013 1364 1225 1430 translatione
1255 1366 1383 1432 nasibi
1411 1367 1543 1453 quidem

262 1472 421 1560 Apuleius
445 1482 597 1536 constans
629 1473 790 1558 apparuit,
822 1494 897 1536 curn
927 1473 1022 1537 tertio
1046 1472 1229 1537 animarum
1252 1495 1371 1557 genere
1394 1473 1543 1559 neglecto

262 1601 339 1644 cum
361 1579 481 1644 Albino
505 1578 629 1642 medias
653 1578 851 1643 describeret
874 1579 1049 1643 amicitias:
1076 1578 1219 1665 „medias
1243 1602 1284 1645 ex
1308 1591 1443 1667 utroque
1466 1602 1544 1646 con·

260 1697 349 1750 stare
372 1707 433 1750 nee
457 1684 729 1749 delectationibus
754 1706 926 1771 corporum
948 1707 1082 1771 prorsus
1106 1707 1216 1751 carere
1232 1697 1264 1751 et
1279 1685 1396 1772 lepidis
1419 1689 1544 1752 anima-

261 1815 335 1856 rum
358 1793 500 1877 ingeniis
525 1793 597 1878 capi
620 1792 745 1879 posse“.
769 1792 842 1856 Non
866 1793 1007 1878 animae,
1031 1792 1089 1856 sed
1112 1793 1275 1858 amicitiae
1301 1817 1363 1880 „ex
1386 1795 1540 1881 utroque“

262 1910 420 1985 constant,
444 1922 549 1986 neque
580 1900 645 1964 alia
677 1912 725 1964 est
755 1899 868 1964 Albini
901 1901 1061 1965 sententia
1090 1899 1172 1965 haec
1196 1899 1347 1964 dicentis:
1371 1906 1389 1991 η
1414 1892 1446 1966 δὲ
1468 1903 1543 1990 μέση

259 2016 316 2069 τοῦ
339 2009 562 2095 συναμφοτέρου,
585 2008 742 2095 ὀρεχομένη
765 2008 817 2093 μὲν
840 2017 893 2070 τοῦ
916 2008 1060 2094 σώματος,
1083 2008 1239 2096 ὀρεχομένη
1263 1999 1298 2072 δὲ
1321 2011 1368 2071 καὶ
1391 2018 1445 2073 τοῦ
1468 2009 1543 2072 κάλ-

262 2118 328 2187 λους
350 2123 403 2201 τῆς
427 2113 520 2200 ψυχῆς
531 2116 563 2196 ²²).
587 2115 679 2195 Quae
699 2136 775 2177 mox
798 2112 839 2178 de
855 2136 964 2178 amore
980 2113 1093 2179 divino
1109 2124 1291 2200 narrantur,
1314 2117 1370 2202 qui
1384 2115 1543 2200 „deorum

262 2242 397 2286 munere
421 2220 642 2307 beneficioque
674 2242 847 2285 concessus
871 2219 1059 2306 adspirante
1083 2221 1215 2286 caelesti
1239 2221 1393 2307 cupidine
1415 2223 1450 2286 in
1474 2225 1544 2286 ani-

261 2349 333 2391 mos
355 2327 525 2392 hominum
549 2327 693 2393 creditur
724 2328 868 2413 venire“,
900 2338 970 2393 orta
994 2338 1069 2392 sunt
1092 2351 1134 2393 ex
1157 2328 1270 2393 Albini
1293 2329 1479 2394 narratione
1503 2328 1544 2394 de

264 2434 396 2498 Amore:
419 2433 541 2522 Ἔρωτα
557 2426 679 2520 δαίμονά
702 2459 817 2499 τινα...
841 2436 996 2523 φατέον...
1021 2427 1275 2524 διαπορθμεύοντα
1297 2437 1338 2500 τοὶ
1360 2439 1442 2525 παρὰ
1464 2439 1543 2501 θεῶν

262 2541 425 2627 ἀνθρώποις
446 2545 495 2604 καὶ
518 2541 662 2604 ἀνάπαλιν
672 2544 706 2624 3).
752 2541 813 2608 (lui
845 2543 1024 2607 sententiae
1047 2541 1227 2627 praemissa
1256 2555 1332 2606 sunt
1354 2543 1448 2609 haec:
1471 2540 1543 2628 ddi

264 2638 429 2734 ἀξιέραστος
452 2650 501 2710 καὶ
524 2651 610 2722 αὐτὸς
635 2649 719 2735 μέσος
740 2673 785 2724 τις
808 2649 933 2735 ὑπάρχει
956 2649 1027 2712 οὔτε
1055 2653 1163 2735 φαῦλος
1185 2648 1226 2711 ὢν
1249 2650 1318 2713 οὔτε
1342 2654 1454 2723 ἀστεῖος
1463 2656 1488 2730 4)
1511 2661 1544 2733 et

259 2752 370 2818 eidem
394 2776 471 2817 mox
494 2754 618 2821 addita:
642 2757 784 2840 primum
808 2777 952 2820 amorem
974 2757 1009 2819 in
1032 2755 1185 2819 rationali
1212 2757 1340 2821 animae
1362 2769 1453 2844 parte
1477 2757 1543 2822 col-

262 2859 403 2924 locatum
428 2863 542 2946 esse5).
566 2862 616 2926 De
639 2861 839 2947 reliquorum
862 2884 1009 2926 amorum
1033 2861 1110 2927 sede
1133 2862 1276 2927 Albinus
1299 2863 1408 2928 dicere
1432 2886 1544 2949 super·

259 2967 358 3050 sedit3
387 2980 419 3032 at
450 2968 608 3055 Apuleius
640 2968 732 3033 addit
762 2967 863 3032 alium
894 2991 1036 3034 amorem
1069 2969 1216 3056 cupidini
1239 2971 1386 3035 iunctum
1410 2994 1481 3036 esse
1504 2981 1544 3035 et

262 3074 489 3160 voluptati.
513 3075 568 3141 Sic
593 3076 679 3139 enim
703 3097 779 3139 cum
803 3075 970 3140 codicibus
993 3075 1149 3141 hocloco
1172 3076 1349 3161 legendum
1372 3089 1428 3142 est.

369 3182 452 3245 Eam
476 3183 638 3246 amicitiae
661 3194 692 3246 et
716 3184 835 3246 amoris
859 3182 1111 3269 descriptionem
1130 3184 1252 3270 excipit
1276 3183 1362 3272 apud
1385 3184 1543 3250 Albinum

262 3286 459 3352 brevissima
483 3289 657 3375 disputatio
690 3289 729 3354 de
760 3289 894 3355 civitate
905 3292 938 3372 6).
961 3289 1023 3356 Oui
1047 3289 1204 3376 Apuleius
1228 3292 1426 3356 uberrimam
1450 3314 1543 3378 prae-

264 3394 352 3458 misit
374 3397 592 3460 narrationem
618 3396 659 3460 de
682 3397 806 3461 civium
830 3395 1013 3472 moribusl)
1029 3420 1047 3461 e
1063 3396 1207 3461 Platonis
1222 3397 1405 3482 Republica
1415 3402 1439 3479 8)
1461 3396 1542 3462 hau-

260 3510 355 3564 stam.
378 3502 412 3566 Is
436 3504 523 3566 enim
548 3524 622 3566 cum
646 3501 687 3566 de
711 3503 926 3569 deterioribus
950 3506 1211 3592 (ημαρτημέναι)9)
1234 3506 1281 3568 rei
1305 3503 1455 3590 publicae
1478 3503 1541 3568 ior-

263 3608 326 3670 mis
356 3609 458 3674 verba
488 3609 620 3693 faceret,
651 3631 726 3674 curn
757 3611 1086 3675 Lacedaemoniorum
1112 3612 1244 3676 civitate
1266 3610 1431 3675 hominem
1456 3632 1543 3675 com-

261 3715 369 3802 posuit
393 3717 629 3781 contcntiosum
653 3716 925 3803 ambitiosumque
949 3719 1012 3799 (τὸν
1028 3720 1187 3800 φιλόνεικον
1207 3743 1241 3782 τε
1257 3722 1305 3783 καὶ
1321 3717 1483 3806 φιλότιμον)
1493 3721 1542 3806 1⁰),

258 3843 338 3886 cum
360 3844 540 3910 paucorum
562 3823 782 3888 dominatione
805 3827 983 3912 (ὀλιγαρχία)
1008 3847 1143 3911 parcum
1167 3835 1199 3889 et
1221 3837 1451 3911 quaestuosum
1475 3830 1542 3914 (φει-

259 3921 347 3994 δαλόν
370 3955 406 3995 τε
429 3932 478 3994 καὶ
501 3930 716 4019 χρηματιστὴν)
729 3936 775 4014 ¹1),
799 3931 975 3996 multorum
1005 3954 1083 3997 vero
1115 3932 1326 3996 dominationi
1353 3932 1462 3996 virum
1486 3956 1543 4020 po-

262 4037 410 4120 pularem
440 4029 623 4125 (δημοτικόν)
636 4043 673 4120 12)
706 4037 848 4102 similem
879 4039 1027 4125 ostendit,
1059 4038 1228 4128 tyrannidi
1260 4040 1370 4102 vuum
1393 4041 1542 4128 tyranni-

263 4163 348 4207 curn.
373 4144 532 4230 Apuleius
564 4166 582 4208 e
606 4144 794 4209 civitatibus
827 4144 1043 4210 deterioribus
1068 4146 1293 4233 (ἡμαρτημέναι)
1318 4145 1407 4210 cives
1430 4145 1542 4232 culpa-

263 4247 345 4314 biles
369 4250 455 4337 fecit,
479 4256 644 4340 φιλοτίμους
667 4251 804 4316 fortasse
828 4273 903 4316 cum
923 4252 1046 4317 comico
1062 4250 1203 4337 quodam
1218 4262 1313 4338 poeta
1337 4251 1542 4338 honoripetas

263 4440 528 4451 ᾖ,

250 4546 252 4551 ·
372 4521 391 4586 ¹)
409 4522 446 4574 ib.
465 4520 500 4573 23
519 4539 574 4588 sqq.
684 4520 705 4590 ²)
723 4539 748 4586 p.
768 4520 811 4585 43,
831 4521 873 4574 26.
984 4520 1004 4586 3)
1022 4523 1058 4574 ib.
1078 4540 1102 4572 v.
1121 4520 1157 4573 30
1175 4537 1213 4586 sq.
1309 4520 1330 4586 ⁴)
1348 4521 1384 4572 ib.
1405 4537 1428 4571 v.
1449 4520 1483 4573 28
1502 4537 1541 4586 sq.

263 4606 283 4674 ὁ)
303 4609 339 4662 ib.
366 4627 390 4662 v.
409 4610 452 4660 35.
553 4609 615 4679 ⁶)c.
642 4609 685 4678 34,
712 4628 737 4676 p.
762 4609 805 4662 44.
905 4609 923 4674 ⁷)
942 4628 967 4675 p.
993 4608 1036 4672 91,
1056 4608 1179 4673 31-99,
1199 4609 1242 4663 15.
1345 4607 1367 4672 ⁹)
1386 4610 1402 4659 l.
1422 4611 1484 4659 vill
1504 4611 1540 4660 in.

260 4694 284 4762 ⁰)
304 4694 357 4750 544
376 4702 406 4751 A.
481 4697 512 4765 10)
531 4697 583 4752 545
602 4702 634 4750 A.
708 4700 741 4768 11)
760 4698 812 4753 555
830 4703 861 4753 A.
936 4698 968 4768 ²¹)
986 4698 1039 4752 545
1057 4703 1087 4750 A.
1108 4702 1141 4751 cf.
1161 4701 1200 4750 IX
1219 4698 1271 4753 546
1290 4701 1318 4750 C.

1524 4807 1541 4859 3
