3608 5460
204 430 277 500 [175]
356 457 398 496 nn
413 456 522 496 aruum
540 454 578 496 ar
593 456 696 495 aarum
712 455 885 497 nocraman
901 457 1089 498 rnarouroau
1103 457 1343 499 anuusaarroun
1443 438 1485 500 47

205 668 280 712 men
296 646 473 711 candidum
491 646 699 710 intermicare
710 646 754 732 1)“
773 647 906 733 respicit
921 645 1003 711 haec
1019 618 1195 710 Albiniana
1211 652 1251 730 (c.
1268 649 1309 712 27
1327 648 1395 729 in.):
1411 652 1488 713 πάνυ

204 748 253 817 οὖν
283 756 386 833 ὀλίγοις
415 765 476 817 τῶν
506 755 655 841 γνωρίμων
688 755 737 817 καὶ
767 763 826 827 τοῖς
858 777 894 841 γε
924 757 1100 842 προκριθεῒσι
1121 762 1175 841 τῆς
1205 757 1269 842 περὶ
1291 764 1344 818 τοῦ
1368 759 1487 843 ἀγαθοῦ

204 861 369 948 ἀκροάσεως
392 853 544 946 μετέδωκε
568 859 608 924 cf.
633 884 661 947 p.
687 861 739 945 36,
764 862 805 925 19
822 861 1005 947 sqq—Sic
1021 861 1055 924 in
1078 860 1230 926 omnibus
1246 861 1362 949 Apulei
1384 860 1487 946 libris,

204 969 259 1054 qui
283 968 325 1032 ad
348 966 584 1054 philosophiam
616 977 771 1052 spectant,
802 967 858 1032 fila
880 967 1040 1054 quaedam
1071 967 1178 1053 detegi
1202 979 1344 1054 possunt,
1367 970 1486 1055 quibus

82 1113 86 1118 ·
203 1075 253 1139 illi
284 1087 316 1140 et
346 1077 431 1140 inter
462 1097 496 1138 se
527 1085 559 1139 et
583 1096 657 1138 cum
681 1075 740 1141 Oai
763 1074 883 1139 scholis
906 1086 938 1140 et
961 1075 1107 1139 Platonis
1135 1076 1273 1162 dialogis
1296 1077 1485 1160 iunguntur.

202 1183 306 1248 Nobis
329 1181 461 1268 quidem
486 1204 524 1247 ea
548 1183 725 1267 sufficiunt,
748 1181 865 1268 quibus
889 1181 1026 1267 probare
1048 1205 1222 1269 possumus
1238 1194 1304 1247 tres
1326 1182 1428 1248 libros
1444 1183 1485 1248 de

203 1289 348 1354 Platonis
370 1289 508 1375 placitis,
539 1311 622 1375 quae
653 1288 694 1353 ad
725 1289 964 1375 philosophiam
995 1288 1177 1354 naturalem
1201 1278 1419 1376 moralemque
1454 1299 1486 1354 et

203 1395 393 1464 rationalem
416 1407 571 1482 spectant,
595 1396 635 1460 ab
659 1397 778 1462 iuvene
802 1396 941 1461 Athenis
965 1396 1187 1482 philosophiae
1212 1397 1397 1462 Platonicae
1421 1396 1485 1462 ele-

204 1513 312 1568 menta
333 1502 419 1590 apud
444 1503 560 1569 Gaium
584 1503 730 1568 discente
753 1504 788 1566 in
805 1526 899 1567 usum
916 1504 1053 1568 Romani
1070 1502 1241 1569 cuiusdam
1257 1503 1484 1588 adulescentis,

204 1611 296 1674 cuius
320 1610 564 1676 contubernalis
595 1622 672 1695 erat,
705 1610 884 1677 aGraecis
916 1609 1036 1675 scholis
1067 1611 1184 1676 Latine
1207 1610 1382 1675 translatos
1405 1633 1485 1696 esse,

203 1717 322 1803 quibus
354 1716 463 1804 aliquo
493 1719 648 1804 temporis
672 1716 844 1783 intervallo
867 1719 1036 1782 interiecto
1064 1717 1195 1782 libellus
1219 1717 1258 1784 de
1282 1717 1405 1781 mundo
1427 1716 1485 1781 ad-

201 1826 306 1890 iectus
330 1825 379 1889 sit.
403 1824 570 1911 Meliorem
593 1848 692 1911 quam
723 1826 758 1903 in
788 1824 854 1888 illis
878 1824 1099 1912 philosophiae
1127 1836 1158 1889 et
1181 1848 1315 1912 operum
1338 1823 1484 1889 Platonis

202 1933 373 1997 scientiam
395 1933 429 1996 in
455 1932 599 1996 oratione
623 1932 663 1996 de
688 1931 747 1997 deo
763 1932 906 1998 Socratis
921 1931 1032 1997 habita
1048 1944 1080 1997 et
1096 1934 1131 1995 in
1147 1931 1307 2019 Apologia
1331 1932 1484 2017 conspici,

202 2062 285 2125 quae
317 2038 449 2126 quidem
485 2039 635 2103 ultimum
659 2061 739 2125 opus
763 2041 805 2102 sit
827 2061 869 2103 ex
896 2039 1010 2126 Apulei
1039 2041 1168 2127 scriptis
1190 2039 1286 2103 nobis
1311 2050 1483 2104 servatum.

202 2146 287 2209 Nam
311 2146 611 2233 Metamorphoseon
632 2145 733 2210 libros
757 2145 798 2210 ab
821 2146 960 2232 Apuleio
976 2145 1120 2210 nondum
1140 2145 1344 2233 philosophia
1358 2145 1484 2210 imbuto

201 2254 337 2337 scriptos
362 2275 432 2319 esse
455 2253 665 2318 manifestum
689 2265 746 2318 est.

308 2359 374 2427 Sed
397 2363 467 2426 eius
490 2362 597 2447 operis
619 2372 748 2448 tempus
771 2360 907 2426 definire
930 2383 995 2425 non
1024 2372 1172 2425 nostrum
1195 2373 1251 2426 est.
1286 2362 1387 2426 Nobis
1411 2361 1482 2447 qui-

202 2466 276 2530 ‹lem
300 2478 409 2554 restat,
442 2479 477 2534 ut
507 2468 584 2534 libri
615 2468 656 2532 de
680 2468 815 2533 Platone
839 2467 1008 2532 exordium
1033 2469 1267 2552 examinemus,
1291 2491 1354 2555 quc
1377 2467 1483 2555 philo-

202 2575 294 2662 sophi
306 2576 375 2639 vita
388 2587 566 2640 enarratur.
580 2577 688 2657 Quam
700 2577 800 2640 vitam
814 2575 923 2640 adhuc
935 2575 1141 2660 negleximus
1155 2586 1332 2663 propterea,
1345 2575 1431 2662 quod
1443 2597 1482 2640 ea

201 2703 275 2767 pars
289 2681 329 2746 ab
341 2682 463 2747 Albino
484 2683 613 2747 silentio
629 2684 859 2768 praetermissa
875 2691 932 2746 est.
955 2682 1052 2746 Unde
1070 2683 1215 2768 quaestio
1236 2683 1347 2765 oritur,
1371 2693 1480 2746 utrum

199 2787 281 2853 haec
304 2790 344 2854 ab
368 2789 507 2875 Apuleio
531 2814 573 2855 ex
604 2789 667 2853 alio
691 2788 780 2854 fonte
803 2788 868 2853 huc
892 2787 984 2853 illata
1008 2789 1081 2874 sint,
1109 2812 1151 2853 an
1175 2811 1249 2852 cum
1274 2788 1396 2852 eisdem
1420 2789 1479 2855 Oai

201 2895 320 2960 scholis
345 2896 545 2961 cohaereant.
569 2897 635 2977 Qui
666 2895 773 2961 adbuc
804 2896 949 2961 Platonis
972 2897 1076 2960 vitam
1098 2895 1348 2981 descripserunt,
1372 2896 1406 2959 in
1429 2917 1482 2958 ra-

200 3004 330 3088 tionem,
354 3027 437 3089 quae
460 3005 545 3069 inter
566 3004 652 3069 hanc
675 3007 778 3069 vitam
802 3015 833 3068 et
856 3004 998 3091 reliquos
1023 3004 1110 3067 vitae
1134 3001 1278 3066 Platonis
1302 3003 1406 3067 fontes
1430 3003 1480 3065 in-

199 3111 387 3193 tercederet,
410 3113 574 3197 inquirere
597 3112 856 3198 supersederunt,
880 3134 955 3176 cum
980 3110 1151 3197 Speusippi
1176 3111 1480 3175 commemoratione

199 3222 241 3303 (p.
266 3219 318 3302 64,
344 3220 397 3302 ll)
429 3219 572 3283 contenti
602 3241 713 3282 omnes
745 3218 797 3283 vel
828 3217 944 3283 saltem
974 3217 1085 3303 plures
1110 3216 1247 3303 fabulas,
1281 3216 1399 3304 quibus
1423 3238 1480 3279 ex-

199 3335 314 3389 ornata
338 3336 395 3410 est,
419 3347 520 3411 usque
544 3325 585 3391 ad
609 3326 703 3389 illum
727 3325 872 3390 Platonis
889 3326 1008 3390 sororis
1028 3325 1133 3388 filium
1156 3323 1324 3388 referrent.
1348 3323 1392 3386 At
1415 3322 1480 3387 duo

199 3434 309 3518 priora
333 3432 475 3519 capitula
497 3431 610 3518 libelli,
634 3434 690 3518 qui
713 3433 914 3498 inscribitur:
939 3431 1150 3520 Προλεγὸμενα
1172 3440 1224 3519 τῆς
1251 3430 1410 3502 Πλάτωνος
1434 3452 1479 3517 pt-

198 3541 365 3627 Aocoptuffl)
390 3562 464 3603 cum
487 3540 606 3626 Apulei
629 3540 785 3627 opusculo
809 3551 994 3626 comparata
1018 3539 1135 3604 docent
1159 3538 1394 3622 Prolegomena
1421 3536 1479 3601 illa

200 3668 241 3710 ex
265 3647 377 3711 eodem
402 3646 491 3712 fonte
515 3647 654 3712 conflata
678 3668 749 3712 esse
772 3659 867 3733 atque
891 3647 1011 3733 Apulei
1027 3645 1166 3710 libellus.
1190 3645 1261 3708 Iam
1285 3653 1478 3730 spectemus,

198 3776 261 3839 quo
285 3752 380 3818 modo
403 3754 523 3840 Apulei
546 3755 616 3818 vita
638 3753 784 3818 Platonis
809 3755 987 3839 composita
1010 3764 1042 3817 et
1065 3752 1222 3839 disposita
1245 3751 1295 3815 sit.
1334 3749 1479 3814 Platonis

198 3862 330 3926 nomine
353 3862 525 3948 explicato,
547 3863 604 3948 qui
628 3862 806 3926 Aristocles
823 3862 913 3947 prius
936 3861 1130 3945 nominatus,
1146 3882 1165 3924 a
1182 3859 1325 3946 corporis
1348 3857 1479 3923 habitu-

199 3967 275 4032 dine
297 3967 547 4055 appellationem
570 3969 705 4056 accepit,
728 3972 878 4055 patentes
902 3968 972 4031 eius
1004 3967 1179 4032 laudantur
1201 3967 1372 4052 gentisque
1395 3967 1479 4029 anti-

198 4077 304 4160 quitas
328 4098 367 4140 ac
390 4074 552 4140 nobilitas.
599 4077 687 4140 Huic
717 4076 896 4140 narrationi
928 4074 968 4140 de
990 4074 1134 4138 humana
1157 4073 1283 4159 origine
1306 4073 1479 4160 opponitur

198 4180 263 4245 alia
285 4181 326 4246 de
349 4181 504 4269 Apolline
528 4182 672 4248 Platonis
696 4195 785 4270 patre
808 4182 937 4269 aliaque
960 4181 1167 4269 proferuntur
1183 4190 1382 4264 argumenta,
1406 4178 1478 4264 qui-

197 4287 259 4352 bus
284 4287 524 4354 demonstratur
548 4289 775 4376 philosophum
797 4291 906 4354 virum
923 4288 1025 4353 fuisse
1041 4287 1262 4372 Apollineum:
1286 4285 1478 4351 natalicium

198 4396 320 4459 mensis
344 4405 375 4459 et
397 4396 467 4460 dies
490 4396 653 4483 Apollinis
676 4418 768 4461 sacer
792 4408 823 4461 et
846 4396 1007 4460 somnium
1053 4393 1194 4460 Socratis
1219 4393 1258 4457 de
1281 4392 1368 4456 olore
1391 4391 1477 4455 Aca-

305 4650 325 4711 ¹)
343 4647 385 4696 En
403 4646 487 4698 habes
505 4647 705 4698 Platonicorum
724 4643 851 4715 ἐλλαμψινὲ
907 4644 927 4712 ²)
946 4646 986 4697 ed.
1005 4645 1034 4697 O.
1054 4647 1084 4695 F.
1104 4646 1250 4707 Hermann,
1270 4643 1315 4693 VI.
1343 4642 1393 4693 vol.
1413 4641 1477 4691 Pla·

197 4736 276 4800 tonis,
296 4735 452 4800 appendicis
470 4752 496 4800 p.
515 4734 631 4789 52-78.
