3608 5460
260 475 333 544 [155]
409 484 450 522 Du
465 482 577 523 aeunni
592 483 630 523 nr
645 483 749 522 anaim
765 482 937 523 noormnsn
953 481 1141 522 eburonices:
1158 482 1415 523 nnuusmrmnau
1498 459 1539 522 27

261 673 347 760 parti
370 673 601 738 abstinentiam
626 675 815 762 (σωφροσύνη)
840 674 990 738 comitem
1007 673 1107 757 addit,
1132 675 1225 738 cuius
1248 673 1358 738 officia
1373 698 1415 740 ex
1430 674 1543 739 Albini

260 779 384 843 iustitia
407 784 580 866 desumpta
604 790 687 844 sunt.
729 779 815 844 Nam
846 791 882 844 ut
913 801 971 866 per
1003 780 1087 845 banc
1111 780 1259 866 singulae
1282 783 1411 846 animae
1433 793 1542 868 partes

262 887 349 951 inter
373 909 409 950 se
432 889 607 952 convenire
631 887 787 951 dicuntur
810 888 894 967 (καθ’
917 886 952 976 ὴν
976 889 1031 971 [sc.
1048 878 1239 976 δικαιοσύνην(
1256 894 1396 976 ὁμολογεῖ
1409 892 1458 952 καὶ
1473 914 1542 977 συμ-

261 1004 350 1080 φωνεῖ
368 995 437 1081 πρὸς
460 993 579 1080 ἄλληλα
601 996 642 1057 τοὶ
664 997 731 1082 τρία
754 1001 826 1081 μέρη
849 1003 903 1080 τῆς
927 992 1020 1081 ψυχῆς
1032 998 1066 1079 1),
1089 996 1135 1058 ita
1159 993 1355 1059 abstinentia
1379 997 1543 1060 servatrix

261 1101 508 1165 convenientiae
532 1123 645 1165 eorum
669 1101 709 1165 ab
733 1100 873 1186 Apuleio
897 1100 1089 1188 appellatur,
1113 1124 1195 1187 quae
1218 1114 1335 1166 natura
1358 1115 1448 1168 recta
1470 1125 1542 1189 pra·

261 1230 368 1294 vaqne
392 1218 468 1272 sunt
495 1209 529 1270 in
552 1208 691 1271 homine.
723 1207 909 1296 Σωφροσύνης
932 1207 1128 1272 Albinianae
1151 1210 1427 1294 praedicamenta:
1462 1201 1544 1283 τάξις

260 1318 324 1404 περὶ
346 1316 401 1388 τας
424 1317 577 1401 ἐπιθυμίας
601 1317 650 1378 καὶ
672 1317 725 1387 τας
749 1315 855 1403 ὀρέξεις
877 1317 927 1378 καὶ
949 1313 1004 1402 τἠν
1021 1318 1186 1379 εὐπείθειαν
1209 1319 1308 1379 αὐτῶν
1331 1318 1399 1403 πρὸς
1413 1319 1449 1380 τὰ
1472 1321 1544 1405 ηγε-

259 1423 408 1510 μονιιιόνῖ)
432 1421 613 1506 placentiae
636 1421 768 1486 cuidam
791 1435 886 1507 atque
910 1421 1126 1486 mediocritati
1150 1423 1357 1508 attribuntur⁷
1381 1422 1422 1486 ad
1446 1445 1543 1508 quam

264 1527 385 1614 „libido
415 1528 557 1594 flectitur
587 1539 743 1614 actusque
778 1528 977 1615 voluptarios
1008 1529 1133 1594 ratione
1161 1528 1257 1593 huius
1282 1529 1543 1614 di<s>cit⁸),

261 1656 299 1698 ao
334 1635 493 1700 modestia
524 1647 734 1700 coercere.
781 1636 933 1701 Justitiae
964 1635 1109 1700 definitio
1140 1638 1236 1720 gravi
1260 1636 1378 1701 mendo
1408 1636 1544 1720 laborat,

261 1741 346 1827 quod
369 1754 478 1806 tamen
502 1742 615 1807 Albini
639 1765 699 1827 ope
721 1742 792 1806 tolli
815 1743 896 1828 quit:
917 1764 995 1828 „per
1016 1742 1075 1806 has
1091 1753 1156 1807 tres
1173 1742 1301 1808 animae
1324 1754 1431 1830 partes
1448 1765 1544 1829 quar-

260 1858 327 1912 tam
349 1851 514 1933 virtutem,
536 1851 704 1935 iustitiam,
736 1849 913 1936 aequaliter
943 1849 1145 1914 dividentem
1177 1873 1211 1914 se
1243 1852 1477 1937 scientiamque
1500 1887 1543 1897 —

261 1976 392 2020 causam
417 1979 488 2021 esse
512 1957 601 2042 dicit,
625 1969 659 2022 ut
683 1980 875 2044 unaquaque
899 1958 1073 2043 propria
1096 1958 1221 2021 ratione
1238 1980 1277 2022 ao
1293 1958 1387 2021 modo
1411 1957 1452 2021 ad
1469 1958 1543 2020 fun-

261 2063 406 2146 gendum
429 2087 548 2142 munus
571 2063 751 2129 oboediat“.
784 2067 845 2128 Pro
877 2065 1026 2129 codicum
1050 2063 1190 2142 lectione
1217 2065 1377 2151 „potaret
1405 2066 1432 2128 si
1455 2086 1544 2151 pro-

260 2171 355 2253 pria
378 2171 526 2256 legimus,
551 2172 710 2236 Albinum
733 2172 901 2257 sequimur
916 2173 1088 2236 dicentem:
1112 2183 1219 2236 τῶν...
1244 2178 1352 2235 λοιπῶν
1375 2183 1469 2260 μερῶν
1491 2180 1544 2259 της

261 2279 354 2367 ψυχῆς
385 2281 466 2342 κατ’
494 2282 644 2344 οἰκείαν
676 2271 863 2365 ἰδιότητα
892 2280 1138 2367 κατεσταλμένων
1161 2281 1217 2343 ὑπὸ
1247 2289 1299 2343 τοῦ
1331 2285 1471 2367 λογισμοῦ
1494 2281 1544 2342 καὶ

260 2389 418 2474 πειθηνίινν
442 2392 525 2468 αὐτῷ
534 2390 568 2469 ⁴).
614 2387 748 2452 lustitia
778 2408 856 2450 vero
879 2408 945 2449 non
978 2386 1072 2450 modo
1096 2409 1131 2450 se
1154 2388 1259 2472 ipsam
1283 2386 1410 2470 dividit,
1437 2385 1471 2450 id
1496 2396 1545 2449 est

263 2493 428 2558 distribuit
449 2516 509 2581 per
531 2505 598 2557 tres
622 2494 751 2557 animae
774 2504 891 2580 partes,
915 2492 972 2557 sed
997 2493 1297 2576 cumscientiam,
1322 2515 1396 2556 cum
1420 2493 1544 2556 iustitia

262 2599 376 2664 eadem
400 2621 438 2664 ao
462 2601 620 2685 sapientia
644 2602 693 2664 sit.
717 2600 851 2666 Ceterae
874 2600 1018 2664 iustitiae
1042 2599 1273 2686 appellationes
1283 2604 1307 2682 4)
1331 2598 1544 2685 explicandae

262 2716 338 2770 sunt
362 2729 403 2769 ex
427 2706 570 2792 Platone,
593 2709 650 2794 qui
672 2708 786 2792 (Legg.
810 2708 909 2773 1630
933 2705 970 2787 O)
992 2707 1090 2770 dixit:
1114 2714 1176 2770 ἔστι
1193 2698 1236 2790 it,
1260 2708 1297 2778 ὥς
1321 2730 1388 2793 φησι
1413 2704 1544 2792 Θέογνις,

261 2815 337 2902 αὕτη
362 2815 418 2898 (sc.
442 2818 567 2902 μεγίστη
603 2813 704 2901 ἀρετή)
735 2816 874 2902 πιστότης
906 2816 934 2877 ἐν
964 2825 1023 2887 τοῖς
1046 2807 1154 2897 δεινοῖς,
1177 2814 1212 2902 ἥν
1234 2838 1277 2887 τις
1301 2806 1482 2901 δικαιοσύνην
1509 2812 1544 2876 ἂν

260 2924 375 2984 τελείαν
398 2922 571 3007 ὀνομάσειεν.
595 2921 691 3002 Quod
710 2931 818 2985 autem
841 2922 984 2985 iustitiae
1008 2920 1203 3006 religiositas
1228 2922 1366 3008 (ὁσιότης)
1390 2921 1545 2985 adiuncta

261 3038 318 3112 est,
341 3027 374 3092 id
399 3028 578 3093 secundnm
611 3028 780 3092 Platonem
811 3028 880 3092 lieri
904 3028 1016 3114 potnit,
1039 3029 1094 3114 qui
1118 3027 1231 3092 eodem
1255 3027 1351 3091 modo
1373 3028 1408 3091 in
1433 3029 1544 3091 Prota-

261 3157 341 3218 gora
364 3136 442 3219 (330
467 3136 505 3222 Β)
525 3135 574 3198 illi
594 3158 664 3200 eam
682 3134 839 3200 adiunxit.
863 3136 1012 3199 Iustitiae
1028 3136 1091 3198 tria
1108 3135 1354 3219 distinguuntur
1373 3139 1542 3219 genera⁶):

261 3243 386 3305 iustitia
408 3244 442 3304 in
467 3252 568 3306 semet
583 3243 700 3328 ipsum,
724 3263 896 3328 quaecum
922 3244 961 3326 ei,
985 3265 1004 3305 a
1027 3247 1140 3328 quoi)
1164 3241 1356 3326 possidetur,
1380 3240 1470 3305 utilis
1494 3241 1544 3323 sit,

261 3348 482 3413 benivolentia
512 3348 708 3435 appellatum
739 3349 862 3413 iustitia
893 3349 927 3411 in
960 3348 1066 3433 deum,
1094 3349 1114 3412 i.
1138 3371 1164 3412 e.
1188 3348 1397 3433 religiositas3
1420 3348 1543 3411 iustitia

262 3456 297 3519 in
321 3455 401 3519 alios
426 3457 496 3520 sive
519 3456 643 3520 iustitia
673 3455 789 3521 civilis.
822 3456 877 3523 Sic
908 3457 1093 3521 officiorum
1123 3456 1272 3542 vulgaris
1296 3456 1415 3520 divisio
1439 3457 1472 3518 in
1497 3477 1543 3540 ea,

262 3586 345 3649 quae
368 3564 410 3627 ad
434 3575 560 3626 nosmet
591 3565 678 3649 ipsos
708 3564 872 3650 pertinent
903 3587 1049 3651 quaeque
1081 3563 1123 3628 ad
1154 3562 1235 3628 alios
1259 3575 1291 3627 et
1314 3562 1356 3626 ad
1379 3563 1485 3647 deum,
1509 3563 1543 3626 in

261 3670 418 3734 iustitiam
443 3671 484 3735 ab
508 3670 647 3756 Apuleio
670 3670 828 3734 translata
851 3682 907 3735 est.
932 3671 996 3737 Sed
1020 3681 1051 3735 et
1075 3670 1183 3736 civilis
1206 3671 1348 3735 iustitiae
1371 3669 1453 3733 duae
1478 3667 1543 3732 dis-

263 3789 442 3842 cernuntur
473 3778 645 3864 speciesssl:
678 3778 802 3842 iustitia
837 3790 868 3842 et
899 3777 989 3862 fides,
1021 3789 1056 3842 ut
1079 3780 1124 3841 ita
1156 3777 1273 3857 dicam,
1296 3779 1489 3842 mercatoria
1512 3787 1544 3841 et

261 3887 385 3949 iustitia
408 3885 549 3971 publica,
579 3907 643 3971 qua
675 3887 788 3971 optimi
819 3885 889 3970 agri
914 3895 945 3949 et
968 3886 1086 3948 summi
1114 3884 1252 3949 honores
1275 3883 1369 3948 bonis
1394 3883 1544 3947 descran-

261 4004 324 4056 tur.
347 3993 536 4057 Lectionem
569 3992 716 4056 codicum
753 3992 867 4079 „bonis
890 3992 1021 4076 optimis
1044 3992 1168 4076 opti0r“
1194 3991 1258 4054 iam
1284 3989 1543 4054 Hildebrandius

262 4097 420 4163 facillima
443 4100 620 4163 mutatione
644 4099 678 4162 in
713 4098 855 4184 „bonis
886 4099 1046 4184 optima
1078 4096 1238 4184 porti0“
1273 4097 1423 4180 correxit,
1447 4118 1544 4182 quem

263 4297 529 4306 ——-—-.-—

265 4418 277 4463 ff
371 4403 600 4470 bfflxfflm
676 4402 857 4469 Ἶὼῑῶ

370 4491 447 4560 ⁹)sic
466 4495 537 4544 onim
556 4495 643 4544 scribo
662 4509 709 4557 pro
729 4493 803 4545 codd.
825 4494 932 4556 „dicit“‚
952 4493 1088 4543 libidinem
1107 4508 1154 4556 pro
1174 4491 1294 4542 subiecto
1314 4505 1435 4540 sumens:
1456 4490 1543 4554 sequi-

263 4589 315 4648 tur,
335 4589 365 4632 ut
383 4585 464 4633 stiam
484 4585 532 4636 inf.
552 4592 603 4634 act.
623 4584 789 4633 restituatur.

370 4669 496 4738 4)ιι.39,
517 4673 531 4724 1
552 4689 589 4738 sq.
663 4670 684 4740 ὅ)
703 4689 728 4736 p.
751 4669 795 4735 85,
815 4671 849 4722 20
868 4688 924 4738 sqq.
998 4669 1020 4734 ⁸>
1037 4688 1063 4736 p.
1082 4668 1126 4735 85,
1145 4670 1179 4722 22
1204 4687 1242 4736 sq.
1316 4669 1334 4733 l)
1355 4671 1394 4719 sio
1415 4669 1486 4718 enim
1505 4668 1543 4718 le·

261 4762 377 4826 gendum
396 4769 437 4810 est
456 4777 518 4812 cum
537 4763 593 4812 cod.
614 4762 769 4812 Florentino
789 4777 836 4824 pro
858 4761 959 4824 „quod“
981 4760 1095 4810 aliorum
1113 4776 1175 4811 mss.
1269 4756 1289 4823 ⁸)
1309 4776 1333 4822 p.
1359 4755 1402 4821 86,
1428 4755 1542 4808 3-11.
