3608 5460
208 466 279 537 [173]
354 493 395 533 nn
411 492 519 533 aruum
538 491 576 531 ar
599 491 1093 533 unu1u1nocrn1usarnsrou1csn
1107 492 1346 533 nounsasrioua
1444 470 1489 534 45

207 682 275 747 ulla
298 682 504 747 cunctatione
528 682 655 745 Latinis
678 681 794 746 reddit.
817 680 976 748 Conferas
999 702 1082 766 quae
1105 680 1145 745 de
1168 681 1364 745 animalibus
1388 692 1489 745 terre-

206 791 258 853 nis
281 800 312 854 et
335 789 543 854 terrestribus
568 811 666 874 supra
690 788 777 852 dicta
801 799 877 852 sunt
900 792 942 874 (p.
968 789 1018 872 73,
1043 787 1075 874 6)
1093 798 1126 852 et
1142 787 1264 872 videas,
1288 798 1323 851 nt
1345 787 1399 852 hic
1414 788 1489 852 red·

208 896 316 961 datur:
346 891 428 968 οὗτος
460 898 580 958 ἐναλίων
611 887 694 978 ζῴων
725 898 774 959 καὶ
805 885 933 969 πεζῶν
963 898 1013 958 καὶ
1046 897 1146 983 ἀερίων
1170 896 1264 982 φύσεις
1288 895 1409 984 ἐχώρισε
1431 917 1490 981 per

210 1004 283 1089 ,hio
314 1003 504 1067 animalium
535 1004 684 1067 nantium
716 1015 813 1088 atque
844 1003 1047 1067 terrestrium
1077 1003 1386 1088 pinnigerarumque
1410 1024 1489 1067 cun-

207 1123 333 1176 ctarum
350 1110 501 1174 distinxit
524 1132 646 1194 genera
662 1114 703 1196 (p.
729 1111 802 1194 123,
827 1111 872 1192 6);
897 1119 929 1174 et
951 1113 977 1173 εἴ
996 1134 1040 1183 τις
1055 1114 1127 1196 ὁμοῦ
1150 1100 1224 1192 ζῷον
1248 1101 1361 1196 ἐνυδρόν
1383 1133 1418 1173 τε
1441 1113 1490 1174 καὶ

207 1229 341 1304 χερσαῖον
372 1221 421 1280 καὶ
450 1216 578 1304 πτρνόνα
616 1239 674 1302 per
708 1216 908 1303 ,volucrum
943 1216 1127 1281 natatilium
1159 1226 1253 1302 atque
1287 1218 1488 1281 terrestrium

208 1325 342 1410 greges“
370 1329 410 1409 (p.
438 1325 509 1408 127,
536 1323 603 1409 14);
627 1346 776 1389 necnon
800 1322 1041 1388 animadvertas
1067 1320 1100 1386 τύ
1123 1323 1263 1388 κάτω...
1291 1324 1382 1412 μὲρων
1406 1316 1488 1406 ζῴων

207 1454 266 1519 per
292 1431 525 1517 ,animantium
549 1441 679 1495 terrena
702 1430 843 1516 genera“
858 1432 901 1517 (p.
916 1432 988 1514 110,
1000 1431 1033 1510 b)
1047 1430 1144 1496 verti:
1168 1439 1204 1494 ut
1228 1430 1389 1495 concedas
1405 1452 1488 1511 eum,

209 1540 264 1624 qui
280 1538 334 1603 hic
358 1537 454 1602 facile
477 1538 566 1622 πεζόν
591 1549 622 1601 et
645 1549 778 1625 χερσαῖον
800 1559 859 1622 per
882 1549 1048 1602 terrenum
1072 1548 1103 1601 et
1125 1547 1278 1602 terrestre
1301 1537 1490 1623 reddiderit,

207 1645 306 1710 semel
330 1646 427 1709 etiam
450 1646 491 1709 τοὶ
515 1647 562 1708 ἐπὶ
593 1653 647 1732 γῆς
678 1636 741 1726 ζῷα
765 1665 822 1730 per
844 1643 1009 1729 pedestria
1037 1645 1079 1729 (p.
1106 1644 1489 1729 133,14)0ir0ums0ri-

206 1752 315 1839 pserit,
346 1751 436 1815 nullo
467 1751 563 1815 modo
595 1750 743 1816 dubitare
773 1751 927 1838 potuisse,
957 1773 1021 1837 quo
1052 1749 1147 1815 modo
1180 1750 1385 1815 Platonicum
1408 1759 1490 1839 γένος

208 1851 293 1935 πεζὸν
325 1861 374 1922 καὶ
401 1869 534 1946 χερσαῖον
563 1858 681 1922 Latine
704 1857 954 1944 exprimendum
983 1859 1033 1922 sit.
1057 1858 1091 1925 Si
1115 1857 1164 1921 illi
1188 1856 1292 1922 libelli
1314 1869 1387 1944 post
1410 1881 1490 1944 opn-

209 1966 334 2030 sculum
367 1964 408 2030 de
439 1964 561 2029 mundo
592 1965 762 2052 compositi
793 1963 941 2042 fuissent,
973 1965 1158 2048 scripsisset
1180 1964 1339 2050 Apuleius
1366 1987 1489 2050 ,genus

208 2071 356 2158 pedestre
378 2083 410 2137 et
432 2073 603 2137 terrestre“
629 2071 783 2157 nullaque
806 2072 948 2156 eguisset
971 2070 1197 2157 explicatione.
1221 2072 1356 2136 Terreni
1381 2083 1490 2135 autem
1531 2114 1533 2120 -

208 2194 239 2244 et
262 2180 424 2245 terrestris
456 2178 643 2265 exemplum
674 2201 711 2243 eo
741 2179 846 2264 magis
872 2177 1109 2242 aestimandum
1133 2190 1189 2264 est,
1221 2179 1306 2264 quod
1332 2177 1490 2265 Apuleius

207 2288 277 2373 ipse
300 2288 335 2350 in
359 2285 520 2376 Apologia
551 2285 591 2372 (c.
623 2287 665 2351 38
689 2286 755 2366 fin.)
779 2287 865 2351 inter
887 2284 1015 2351 Graeca
1039 2286 1231 2350 animalium
1254 2308 1384 2371 genera,
1407 2307 1490 2372 quae

208 2417 284 2458 ase
308 2396 412 2480 primo
435 2394 551 2457 Latine
575 2393 782 2479 pronuntiata
805 2402 889 2476 sunt,
921 2393 1019 2456 etiam
1042 2395 1120 2477 πεζοί
1142 2393 1322 2479 protulerit.
1369 2391 1434 2459 Sed
1457 2403 1489 2456 et

208 2501 271 2564 alia
295 2502 433 2585 vestigia
455 2499 612 2564 librorum
636 2500 676 2563 de
700 2499 835 2564 Platone
859 2500 949 2584 prius
973 2501 1167 2585 scriptorum
1191 2500 1224 2563 in
1248 2499 1310 2564 hoc
1333 2498 1490 2587 opusculo

209 2617 399 2672 cernuntur:
425 2609 570 2696 Ἀστέρων
593 2610 705 2695 χορείας
728 2606 913 2671 Platonicae
937 2629 995 2693 per
1021 2607 1176 2693 ,chorum
1200 2607 1389 2693 antiquum“
1414 2606 1490 2671 red-

209 2713 293 2777 ditas
317 2736 388 2778 esse
412 2736 509 2800 supra
540 2713 685 2778 vidimus
716 2714 758 2799 (p.
790 2715 841 2798 72,
865 2714 907 2798 3).
932 2714 997 2779 Hic
1021 2714 1061 2778 de
1086 2713 1175 2778 caelo
1198 2736 1263 2777 una
1287 2736 1361 2778 cum
1385 2713 1489 2778 stellis

208 2823 241 2884 in
265 2821 378 2886 orbern
402 2842 436 2884 se
459 2822 600 2885 vertenti
622 2821 704 2886 haec
726 2823 761 2883 in
786 2819 912 2886 Graeco
936 2820 1115 2908 exemplari
1138 2820 1305 2906 leguntur:
1328 2819 1441 2909 πλήρης
1456 2812 1489 2884 δὲ

208 2926 248 2990 ὢν
271 2928 328 3014 (sc.
352 2935 367 2992 ὁ
390 2930 518 3015 οὐρανός)
541 2928 688 3015 σωμάτων
709 2930 806 3013 θείων,
830 2920 899 2992 ddi
922 2933 1021 2992 καλεῖν
1045 2928 1139 3016 ἄστρα
1155 2929 1312 3015 εἰώθαμεν,
1327 2929 1490 3014 κινούμενος

207 3039 314 3124 κίνησεν
339 3027 438 3120 ἀίδιον,
463 3047 514 3122 μιᾷ
537 3044 707 3124 περιαγωγῇ
739 3039 788 3099 καὶ
818 3035 919 3117 κύκλῳ
950 3036 1261 3123 συναναχορεύει
1284 3044 1354 3099 πᾶσι
1376 3035 1490 3108 τούτοις

209 3144 366 3215 ἀπαύστως
390 3135 424 3205 δι’
445 3149 553 3216 αἰῶνος.
576 3141 734 3229 Apuleius
758 3151 869 3206 narrat
892 3142 935 3228 (p.
954 3144 1026 3228 107,
1059 3145 1111 3223 11)
1136 3142 1263 3207 caelum
1287 3165 1362 3206 cum
1386 3140 1490 3206 stellis

209 3247 288 3312 ferri
311 3271 370 3335 per
392 3248 502 3313 orbem
530 3249 677 3336 ,dierum
700 3251 908 3336 noctiumque
941 3248 1114 3314 curriculis
1138 3273 1237 3336 agens
1262 3249 1489 3313 stellarum

210 3355 392 3420 choros“.
417 3358 540 3419 Ansam
565 3357 695 3442 quidem
727 3380 768 3421 ex
799 3356 855 3421 illo
885 3358 1105 3443 συναναχορεύει
1129 3359 1275 3444 sumpsit,
1299 3356 1357 3421 sed
1380 3355 1490 3420 stella·

209 3485 282 3525 rum
307 3463 421 3527 choros
452 3462 585 3526 aliunde
615 3463 679 3527 huc
702 3462 820 3548 intulit,
844 3486 981 3551 eumque
1015 3464 1150 3528 chorum
1173 3464 1325 3550 repetivit
1349 3463 1391 3528 ad
1415 3486 1489 3529 ver-

209 3568 307 3633 tenda
330 3568 470 3635 Graeca:
494 3572 545 3656 ,αία
569 3563 601 3632 δὲ
625 3564 659 3632 ἐκ
674 3569 793 3633 πάντων
809 3573 929 3656 ἁρμονία
952 3562 1134 3653 συνᾳδόντων
1149 3574 1198 3635 καὶ
1214 3571 1394 3660 χορευόντων
1410 3572 1489 3634 κατὰ

208 3678 259 3739 τὸν
282 3677 398 3764 οὐρανόν
429 3699 487 3762 per
521 3699 624 3761 ,unus
656 3688 837 3741 conventus
869 3688 965 3763 atque
996 3700 1081 3742 unus
1114 3677 1282 3742 stellarum
1307 3677 1423 3741 chorus
1447 3700 1489 3742 ex

209 3783 350 3848 diversis
374 3783 546 3848 occasibus
569 3781 776 3868 artibusque“
807 3786 849 3870 (p.
875 3785 947 3869 127,
971 3785 1034 3865 31).
1081 3784 1151 3850 Nec
1181 3784 1299 3848 desunt
1331 3783 1489 3849 eiusmodi

209 3889 281 3953 alia.
304 3890 390 3954 Nam
414 3912 489 3955 cum
513 3889 681 3954 stellarum
712 3891 890 3954 errantium
922 3891 1103 3955 secundum
1134 3891 1302 3978 exemplar
1323 3891 1489 3957 Graecum

209 4018 324 4061 cursus
349 3996 503 4083 descripti
527 4008 644 4082 essent,
668 3997 796 4061 addidit
818 4019 860 4061 ex
884 4020 942 4061 suo
965 3996 1122 4086 Apuleius
1149 4021 1252 4084 ,quae
1279 4008 1409 4084 propter
1431 4019 1490 4060 na-

209 4113 315 4166 turam
339 4103 500 4168 eiusmodi
523 4102 623 4168 nullis
647 4109 823 4169 creduntur
846 4104 1011 4169 erroribus
1034 4106 1157 4189 vagae“
1188 4106 1231 4192 (p.
1258 4106 1328 4190 108,
1352 4109 1393 4190 5),
1417 4103 1489 4167 illo-

209 4231 281 4273 rum
305 4210 503 4296 recordatus,
526 4233 608 4297 quae
632 4234 731 4297 supra
753 4213 794 4299 (p.
820 4214 871 4297 71,
895 4213 938 4276 20
963 4210 1003 4274 cf.
1033 4234 1063 4297 p.
1098 4213 1170 4297 122,
1203 4213 1259 4292 30)
1290 4236 1331 4276 ex
1355 4211 1488 4275 Platone

209 4316 354 4403 protulit:
388 4341 488 4404 ,quas
520 4317 656 4401 (stellas)
688 4342 746 4382 nos
778 4341 843 4382 non
867 4329 955 4383 recte
979 4341 1131 4383 erroneas
1155 4329 1187 4382 et
1209 4342 1310 4403 vagas
1335 4319 1487 4401 dicimus,

209 4434 338 4487 nostrae
361 4425 447 4488 enim
472 4447 569 4510 super
592 4447 705 4489 earum
728 4425 879 4490 cursibus
902 4425 1070 4511 opiniones
1094 4424 1392 4512 disputationesque
1415 4447 1489 4510 pos-

210 4540 286 4593 sunt
307 4531 342 4592 in
366 4552 508 4595 errorem
532 4531 735 4596 intellectum
758 4531 946 4597 inducere“.
971 4533 1063 4596 Haec
1086 4531 1152 4595 iam
1168 4532 1319 4597 sufficere
1334 4531 1489 4596 videntur

210 4634 252 4699 ad
276 4635 564 4702 demonstrandum
587 4637 735 4703 libellum
759 4638 800 4704 de
830 4639 952 4702 mundo
987 4637 1027 4702 ab
1059 4638 1198 4724 Apuleio
1229 4650 1300 4726 post
1323 4638 1423 4704 libros
1448 4637 1488 4702 de

210 4737 346 4807 Platone
382 4747 606 4831 compositum
630 4768 710 4831 esse,
745 4767 821 4810 cum
856 4746 1001 4810 universi
1036 4745 1144 4830 imago
1176 4744 1295 4810 clarior
1325 4746 1389 4809 iam
1413 4757 1488 4810 ante
