3608 5460
754 469 938 511 THADDAIdUS
957 469 1045 510 SINKO

412 662 490 725 Apul.
510 677 535 725 p.
555 659 597 713 90.
618 658 652 710 22
672 676 710 725 sq.

266 751 386 808 <boni
398 757 423 806 >
446 750 595 800 amicitiam
615 750 655 800 ait
674 749 774 799 sociam
794 764 864 798 eam-

261 855 312 904 que
330 855 461 890 consensu
479 839 623 889 consistere
648 838 864 903 reciprocamque

261 944 319 979 esse
337 943 371 978 ac
389 927 595 978 dilectionis
609 926 625 991 ¹)
643 927 731 977 ricem
747 926 865 989 reddere,

261 1017 366 1081 quando
396 1023 577 1074 <amans>
590 1013 610 1081 ¹)
633 1015 782 1080 aequaliter
804 1015 862 1065 red·

261 1113 342 1158 amat.
362 1106 412 1156 hoc
431 1105 567 1155 amicitiae
579 1105 716 1154 commodo
733 1105 865 1168 provenit,

261 1211 322 1246 cum
347 1196 450 1246 amicus
469 1211 537 1256 eum,
557 1210 635 1258 quern
658 1193 747 1259 diligit
766 1193 867 1258 pariter

1469 460 1541 532 [160]

1102 659 1162 710 Alb.
1183 675 1207 722 p.
1227 657 1270 722 43,
1290 659 1306 710 7
1324 675 1380 723 sqq.

937 744 1043 813 φιλία...
1070 748 1113 796 oba
1132 744 1195 812 ἄλλη
1215 743 1250 809 τίς
1269 743 1318 796 ἐστι
1342 750 1384 809 ’.ῆς
1403 746 1542 815 συνισταμέφ

936 854 977 902 νης
995 834 1048 886 κατ’
1067 833 1154 886 εὔνοιαν
1178 833 1340 903 ἀντίστροφον.
1366 835 1425 902 αὕτη
1444 833 1469 886 δὲ
1488 834 1542 905 ὑρί-

938 942 1029 989 σταται,
1056 922 1112 976 ὅταν
1137 922 1219 992 ἐπίσης
1238 921 1350 992 ἑκάτερος
1370 923 1482 992 pompa
1500 923 1542 975 τόν

935 1012 1034 1079 πλήσιον
1054 1012 1093 1064 καί
1111 1011 1194 1065 ἑαυτὸν
1212 1008 1237 1065 εὖ
1255 1012 1371 1080 πράττειν.
1390 1011 1443 1080 ἡδὲ
1461 1011 1542 1080 ἰσότης

938 1103 997 1169 αὓτη
1023 1102 1067 1154 οὐκ
1092 1102 1176 1167 ἄλλως
1202 1101 1308 1166 σώζεται,
1328 1103 1343 1165 ἢ
1361 1101 1421 1153 κατὰ
1440 1102 1481 1170 τὴν
1499 1107 1542 1153 τοῦ

1124 1188 1200 1256 ἤθους
1220 1189 1358 1262 ὁμοιότητα.

261 1299 294 1334 ac
330 1300 358 1333 se
395 1284 469 1348 cupit
506 1283 638 1347 prosperis
668 1283 747 1332 rebus
778 1282 864 1346 potiri.

261 1373 411 1438 aequalitas
425 1373 478 1422 ista
490 1388 544 1422 non
563 1371 643 1421 aliter
662 1371 793 1436 provenit,
812 1371 865 1420 nisi

261 1460 407 1511 similitudo
426 1458 691 1528 utro<bi>que⁸)
715 1461 796 1525 parili
821 1477 866 1512 ca-

439 1551 518 1600 ritate
537 1551 687 1601 conveniat.

261 1655 324 1689 nam
342 1647 372 1690 ut
391 1655 468 1705 pares
486 1641 595 1704 paribus
608 1639 776 1690 inresolubili
794 1657 864 1691 nexu

261 1729 416 1794 iunguntur,
435 1730 474 1778 ita
492 1729 675 1794 discrepantes
701 1735 727 1778 et
745 1730 816 1780 inter
834 1745 862 1779 se

297 1817 422 1869 disiuncti
447 1824 509 1867 sunt
532 1833 582 1868 nec
607 1818 720 1868 aliorum
739 1818 827 1868 amici.

936 1635 964 1688 rb
983 1635 1030 1707 γὰρ
1050 1634 1131 1706 ὅμοιον
1151 1632 1186 1705 τῷ
1205 1634 1282 1706 ὁμοίῳ
1300 1635 1387 1706 μετρίῳ
1406 1633 1454 1688 ὄντι
1473 1635 1542 1700 φίλον

934 1725 1042 1796 ὑπάρχει,
1067 1724 1097 1776 τὰ
1122 1724 1147 1776 δὲ
1167 1729 1258 1795 ἄμετρα
1281 1723 1334 1777 οὔτε
1352 1724 1468 1791 ἀλλήλοις
1487 1723 1541 1776 οὔτε

963 1817 1011 1875 τοῖς
1030 1816 1171 1886 συμμέτροις
1189 1815 1283 1865 δύναται
1302 1813 1440 1884 ἐφαρμόσαι.

367 1942 617 2006 Inimicitiarum
643 1941 808 2006 diversam
831 1964 901 2006 esse
917 1943 1076 2007 rationem
1098 1942 1168 2028 ipse
1185 1940 1351 2006 concludit
1373 1939 1541 2027 Apuleiae,

262 2049 354 2112 cuius
377 2051 412 2112 in
435 2049 546 2113 verbis
568 2071 626 2135 pro
653 2049 797 2134 ,sectas“
826 2048 982 2135 ,facta“
1008 2047 1194 2134 reponenda
1217 2059 1302 2113 sunt.
1347 2048 1461 2132 Pergit
1483 2047 1540 2110 Al-

261 2154 378 2220 binus:
403 2159 455 2219 eiol
477 2148 512 2220 δέ
535 2179 607 2230 τινες
629 2158 678 2218 καὶ
702 2155 790 2220 ἄλλαι
820 2148 1002 2243 νομιζόμεναι
1032 2158 1121 2240 φιλίαι
1131 2159 1155 2239 4)
1186 2164 1418 2240 enumeratque
1446 2164 1541 2218 natu·

260 2261 362 2326 ralem
393 2273 566 2348 parentum
596 2263 630 2325 in
654 2261 773 2326 liberos
799 2275 1072 2348 cognatorumque
1104 2263 1189 2326 inter
1212 2283 1246 2325 se
1269 2261 1540 2344 benevolentiam,

260 2379 330 2434 tum
354 2369 486 2434 civilem
509 2391 548 2432 ac
572 2367 762 2433 sodaliciam
785 2370 971 2452 amicitiam,
996 2368 1135 2454 denique
1156 2390 1307 2452 amorem,
1330 2368 1365 2431 in
1388 2391 1451 2454 quo
1474 2377 1540 2431 tres

262 2474 507 2561 distinguuntur
539 2477 676 2562 species:
706 2474 851 2562 honesta,
882 2477 994 2562 turpis,
1027 2475 1143 2560 media,
1174 2496 1256 2561 quae
1284 2473 1388 2538 tribus
1412 2475 1540 2538 animae

260 2583 408 2669 partibus
432 2583 635 2670 respondent.
682 2584 774 2664 Quae
805 2584 914 2646 omnia
943 2582 1093 2670 pluribus
1124 2591 1338 2668 exponuntur,
1365 2582 1540 2668 praecipue

261 2690 325 2755 viri
348 2690 425 2754 boni
449 2712 547 2754 amor.
594 2689 718 2754 Eadem
742 2689 811 2755 fere
828 2689 986 2776 Apuleius
1002 2689 1179 2777 protulit5),
1203 2689 1260 2753 sed
1277 2687 1434 2752 nonnulla
1450 2710 1541 2752 more

262 2818 320 2860 suo
342 2818 512 2883 perperam
536 2795 705 2881 intellexit,
729 2796 794 2861 alia
809 2796 988 2883 ampliavit.
1012 2797 1167 2862 Amicitia
1183 2795 1314 2882 quidem
1337 2794 1539 2860 necessitatis

261 2924 361 2967 causa
383 2904 557 2967 coniuncta
580 2914 629 2968 est
652 2924 699 2989 ea,
723 2926 821 2989 quam
844 2904 988 2989 effugere
1011 2927 1075 2968 uon
1099 2925 1280 2990 possumus,
1305 2925 1380 2966 cum
1403 2924 1441 2966 ea
1464 2923 1539 2964 san-

260 3011 359 3095 guine
383 3020 414 3074 et
438 3011 630 3095 cognatione
647 3020 778 3075 constet.
804 3010 1111 3096 ,Necessitudinum
1135 3011 1244 3074 am0r“
1269 3008 1349 3096 quid
1365 3009 1428 3073 sibi
1450 3006 1540 3093 velit,

261 3116 418 3181 docemur
450 3116 561 3183 verbis
595 3116 721 3182 Albini:
756 3122 774 3204 ἡ
805 3122 864 3182 τῶν
894 3129 1041 3206 συγγενῶν
1071 3119 1139 3206 πρὸς
1170 3118 1315 3204 ἀλλήλους
1349 3138 1392 3181 sc.
1416 3118 1540 3204 pellass),

263 3225 385 3309 ,Amor
408 3223 583 3288 abhorrens
607 3224 647 3288 ab
670 3222 883 3289 humanitatis
906 3224 1110 3300 clementia“‚
1132 3225 1167 3288 in
1190 3247 1254 3310 quo
1277 3223 1440 3288 amicitiae
1459 3243 1539 3307 „neo

262 3342 393 3395 mutuae
416 3343 491 3395 sunt
513 3353 575 3396 nec
598 3332 794 3418 reciprocari
818 3331 972 3417 queunt“,
995 3331 1170 3417 respondet
1186 3332 1233 3396 eis
1249 3329 1361 3395 Albini
1378 3329 1540 3411 amicitiis,

262 3438 303 3504 de
326 3438 444 3524 quibus
468 3438 621 3524 legimus:
645 3433 732 3503 αὗται
755 3430 788 3502 δὲ
811 3443 864 3501 οὐκ
881 3440 926 3502 ἀεὶ
941 3445 1038 3520 ἔχουσι
1060 3439 1096 3502 τό
1111 3441 1297 3526 ἀντίστροφον
1312 3446 1365 3526 τῆς
1388 3440 1495 3508 εὐνοίας
1506 3437 1538 3521 l).

261 3545 431 3609 Eiusmodi
454 3567 544 3609 amor
566 3568 632 3610 non
658 3547 815 3634 ,sanitate
845 3568 884 3610 ac
913 3545 1130 3632 paenitentia“
1156 3546 1356 3627 terminatur,
1380 3567 1462 3630 quae
1486 3565 1540 3608 co·

262 3651 372 3716 dicum
395 3651 491 3716 lectio
515 3663 571 3736 est,
596 3653 653 3718 sed
679 3653 937 3739 ,satietate“,
959 3652 1046 3739 quod
1069 3654 1134 3717 iam
1159 3652 1258 3717 editio
1281 3652 1426 3716 Romana
1449 3651 1539 3735 prin-

261 3781 338 3844 ceps
361 3761 482 3846 optime
513 3760 663 3846 restituit,
693 3782 713 3824 a
743 3759 972 3826 Goldbaohero
995 3760 1152 3845 neglecta.
1199 3758 1308 3823 Etiam
1334 3760 1398 3822 tria
1420 3757 1539 3821 amoris

262 3888 382 3950 genera
405 3866 445 3931 ab
470 3865 655 3931 Albinianis
665 3867 689 3954 ⁸)
713 3889 778 3932 non
802 3867 969 3932 differunt:
993 3869 1201 3953 quorum9)
1224 3887 1309 3930 unus
1333 3865 1466 3930 divinus
1490 3874 1539 3930 est

261 3994 337 4037 oum
360 3972 549 4060 incorrupta
571 3984 679 4038 mente
703 3976 900 4040 conveniens
917 3980 990 4055 (ἐστι
1014 3966 1046 4038 δὲ
1062 3974 1183 4061 ἐρωτικὴ
1207 3977 1225 4060 ἡ
1250 3973 1301 4060 μὲν
1325 3975 1436 4057 ἀστεία,
1451 3977 1470 4061 ἡ
1486 3982 1539 4062 τῆς

260 4072 418 4153 σπουδαίας
441 4084 547 4170 ψυχῆς)
579 4081 662 4146 alter
692 4081 864 4167 degeneris
895 4081 996 4145 animi
1020 4091 1051 4144 et
1074 4080 1339 4166 corruptissimae
1361 4079 1538 4166 voluptatis

262 4192 292 4276 (ἡ
316 4178 349 4250 δὲ
372 4188 467 4276 φαύλη
498 4193 516 4276 ἡ
548 4197 600 4275 τῆς
622 4187 736 4277 κακῆς).
771 4188 901 4252 Tertius
925 4209 967 4251 ex
989 4197 1126 4273 utroque
1148 4189 1339 4274 permixtus,
1363 4186 1537 4251 mediocris

371 4383 389 4449 ¹)
409 4386 455 4435 sic.
475 4384 616 4450 legendum
630 4400 690 4434 oum
709 4385 900 4447 Laurentiano,
913 4385 958 4449 qui
974 4384 1161 4448 ,delectionis“
1176 4384 1302 4447 praebet3
1321 4384 1369 4434 alii
1382 4384 1456 4435 codd.
1476 4384 1539 4447 „de-

262 4473 432 4523 lectationis‘⁴
451 4473 586 4523 exhibent.

370 4560 390 4628 ²)
408 4563 542 4627 supplevit
560 4563 660 4615 Rohde.

262 4659 343 4703 retur.
416 4651 435 4716 *ί
456 4668 480 4716 p.
499 4650 543 4715 43,
563 4649 597 4702 13
616 4668 671 4717 sqq.

261 4756 286 4790 ν.
308 4739 420 4793 18-22.

735 4560 754 4620 ’ί
773 4563 895 4627 equidem
919 4563 1013 4628 scripsi
1037 4578 1098 4614 cum
1125 4569 1254 4627 „utraque
1272 4577 1306 4611 ex
1323 4564 1416 4626 parte“
1436 4561 1539 4612 deside-

745 4649 765 4717 ⁶)
784 4669 810 4716 p.
828 4649 871 4704 91.
944 4649 964 4720 θ)
982 4669 1008 4716 p.
1027 4648 1071 4715 43,
1092 4650 1132 4705 15.
1208 4648 1226 4717 1)
1246 4650 1282 4703 ib.
1301 4666 1326 4703 ν.
1347 4649 1389 4703 16.
1462 4647 1538 4716 ⁸)ib.

495 4737 516 4805 ⁹)
534 4741 573 4791 sic
593 4742 663 4791 enim
682 4741 824 4807 legendum
842 4747 883 4791 est
901 4757 948 4805 pro
969 4741 1081 4806 „quod“.
