3668 5460
275 449 298 511 4
770 469 954 510 ruannsuus
973 469 1060 510 smuo
1485 439 1562 511 [132l

276 661 311 724 in
334 660 493 725 sermonis
517 658 776 725 consideratione
787 660 819 737 ¹).
842 658 896 722 Ex
918 656 1036 743 quibus
1052 657 1197 742 partibus
1220 661 1271 744 ἡ..
1294 669 1354 722 τῶν
1377 659 1468 739 όντῳυ
1483 664 1561 744 γνὼ-

276 791 317 842 a<
339 775 389 832 est
411 765 717 851 intellegendiratio
739 763 930 851 Apuleiana,
953 768 972 851 ἡ
994 763 1095 851 πρᾶξις
1110 774 1171 827 τῶν
1194 769 1293 829 καλῶν
1316 766 1397 829 ratio
1414 763 1563 849 vivendi,

276 878 371 962 ἡτοῢ
393 873 492 962 λόγουΙ
514 875 625 961 θεωρία
655 872 739 937 ratio
771 869 925 958 loquendi
934 871 968 958 ²).
1000 870 1064 936 Sed
1094 881 1209 936 neuter
1239 872 1385 937 ordinem
1417 872 1559 958 partium

275 979 498 1069 philosophiae
522 979 562 1044 ab
588 980 659 1066 ipso
682 979 881 1066 propositum
906 988 1024 1063 servat,
1048 1000 1123 1042 cum
1154 978 1322 1064 Apuleius,
1346 989 1382 1043 ut
1405 979 1561 1064 diximus,

277 1097 410 1175 aparte
433 1085 578 1152 secunda
600 1086 838 1171 expositionem
861 1108 953 1149 suam
976 1086 1120 1171 incipiat,
1143 1108 1226 1171 quae
1248 1096 1357 1151 tamen
1382 1085 1494 1151 eadem
1512 1094 1567 1150 est.

277 1216 316 1260 ac
339 1193 453 1259 Albini
476 1215 552 1279 pars
576 1192 692 1278 prima,
715 1192 871 1256 nimirum
895 1197 913 1280 ἡ
936 1202 997 1255 τῶν
1020 1193 1111 1256 όντων
1126 1205 1249 1280 prdem
1272 1192 1414 1257 Albinus
1434 1202 1566 1280 aparte·

277 1301 380 1386 tertia,
411 1311 582 1386 postquam
614 1297 746 1384 singula
775 1297 999 1385 philosophiae
1029 1320 1150 1384 genera
1172 1299 1267 1364 novis
1291 1299 1478 1386 eisdemque
1501 1300 1560 1363 tri-

276 1406 418 1495 plicibus
436 1405 586 1470 distinxit
598 1403 815 1472 divisionibus
827 1406 860 1487 3).
884 1406 912 1470 Ε
943 1427 1020 1469 sane
1044 1406 1164 1491 optimo
1186 1406 1258 1470 iure
1281 1404 1472 1471 dialecticae
1495 1407 1560 1491 pri-

277 1536 368 1579 mum
403 1513 603 1578 concessisse
635 1511 743 1577 locum
775 1509 907 1577 videtur
939 1510 1088 1596 Albinus,
1119 1534 1195 1576 oum
1224 1512 1305 1577 haec
1339 1512 1568 1599 philosophiae·

277 1643 363 1707 pars,
386 1621 421 1684 in
444 1642 508 1706 qua
531 1618 572 1684 de
601 1616 819 1704 cognoscendi
850 1628 882 1682 et
913 1617 1038 1682 sciendi
1060 1618 1230 1705 principiis
1254 1620 1372 1706 agitur,
1395 1619 1488 1705 quasi
1511 1620 1562 1682 in-

279 1737 495 1792 strumentum
527 1725 690 1813 quoddam
723 1725 765 1789 sit
796 1723 995 1810 reliquarum
1020 1746 1058 1789 ac
1081 1724 1340 1790 fundamentum.
1371 1725 1445 1806 Qua
1467 1727 1502 1789 in
1525 1748 1567 1791 re·

278 1832 484 1900 Aristotelem
517 1843 648 1898 secutus
680 1842 729 1897 est
760 1831 909 1916 Albinus,
940 1833 995 1917 qui
1026 1834 1060 1895 in
1083 1832 1215 1918 Topicis
1243 1837 1285 1918 (p.
1310 1833 1467 1920 163b11)
1491 1832 1563 1897 dia-

278 1940 431 2006 lecticam
461 1941 581 2028 ὄργανον
610 1941 679 2028 πρός
709 1950 812 2025 γνῶσιν
851 1937 1028 2025 appellavit
1051 1937 1105 2026 (of.
1136 1938 1193 2004 La.
1221 1940 1275 2004 Di.
1306 1941 1336 2026 b,
1358 1941 1411 2006 28.
1441 1938 1562 2005 David.

279 2049 314 2111 in
345 2058 447 2134 categ.
470 2070 501 2134 p.
524 2048 583 2114 26⁸
608 2049 646 2111 11
680 2051 706 2109 οἱ
737 2037 771 2109 δὲ
801 2051 938 2132 λέγοντες
968 2047 1014 2108 ὅτι
1036 2038 1082 2110 δεῖ
1110 2048 1168 2111 ἀπό
1191 2055 1245 2135 τῆς
1268 2052 1388 2136 λογικῆς
1415 2048 1567 2137 ἄρχεσθαι.

283 2161 418 2243 ἔφασκον,
441 2155 486 2217 ὅτι
509 2154 629 2243 ὄργανον
651 2150 805 2240 ἡλογική)
820 2152 940 2238 quique
963 2151 1128 2241 analytica
1151 2164 1225 2218 ante
1248 2153 1387 2244 physica
1408 2165 1439 2219 et
1462 2164 1563 2218 meta-

280 2261 418 2350 physica
441 2260 517 2346 poni
533 2260 629 2323 iussit
638 2263 671 2339 4).
696 2258 856 2344 Apuleius
873 2257 1043 2324 dialectica
1059 2260 1287 2324 enarrationis
1304 2260 1410 2326 fronte
1425 2259 1562 2347 expulsa

281 2367 433 2432 maximis
457 2365 637 2453 implicitus
661 2376 710 2431 est
725 2364 978 2431 difficultatibus
993 2367 1029 2429 in
1044 2366 1202 2431 naturalis
1219 2366 1441 2454 philosophiae
1464 2391 1563 2455 expo-

282 2475 406 2559 sitione,
430 2495 527 2560 quam
551 2472 692 2538 Albinus
716 2470 890 2537 dialectica
914 2470 1077 2561 descripta
1093 2474 1236 2538 secundo
1259 2473 1330 2539 loco
1352 2476 1563 2563 proposuit⁶).

281 2582 354 2663 Quo
378 2580 503 2645 factum
537 2590 595 2665 est,
627 2589 662 2642 ut
694 2578 851 2643 nonnulla
882 2579 925 2643 ad
956 2602 1064 2644 rerum
1097 2591 1247 2645 naturam
1279 2582 1568 2668 congnoscendam.

281 2688 477 2775 pertinentia
511 2687 618 2752 alieno
642 2686 723 2771 loco,
756 2686 881 2752 scilicet
904 2686 1019 2751 mundi
1043 2687 1263 2774 descriptioni,
1285 2686 1510 2754 interserenda
1533 2688 1563 2752 ei

281 2805 397 2860 essent.

387 2901 508 2966 Tribus
536 2923 646 2966 rerum
670 2902 771 2966 initiis
795 2903 988 2987 constitutis,
1016 2902 1141 2966 scilicet
1165 2902 1232 2987 dcc,
1263 2902 1407 2987 materia,
1436 2901 1520 2965 ideis
1530 2903 1565 2986 ⁶),

282 3007 413 3094 singula
436 3008 580 3072 breviter
604 3006 717 3072 eodem
741 3007 855 3071 ordine
879 3007 1035 3072 describit
1049 3007 1217 3095 Apuleius.
1241 3007 1381 3074 Albinus
1396 3007 1459 3071 hac
1473 3018 1571 3093 parte-

283 3113 322 3180 de
346 3114 516 3201 principiis
541 3116 699 3202 (περὶτῶν
723 3117 833 3200 ἀρχῶν)
857 3125 889 3179 et
911 3114 961 3199 iis,
992 3137 1075 3199 quae
1098 3113 1299 3199 theologicae
1324 3126 1399 3179 sunt
1422 3124 1564 3179 contem·

285 3221 448 3308 plationis,
482 3221 536 3306 agi
572 3220 653 3286 dicit
683 3232 715 3286 et
745 3221 785 3286 ab
818 3220 884 3284 illis
914 3221 1008 3284 initio
1033 3220 1130 3285 ducto
1142 3224 1165 3302 ⁷)
1196 3219 1237 3285 de
1260 3222 1395 3286 materia
1421 3222 1569 3308 primum.

286 3338 404 3394 tractat
414 3331 447 3413 8),
470 3337 541 3392 tum
566 3327 715 3392 idearum
738 3327 846 3393 reddit
870 3328 1028 3392 rationem
1039 3332 1072 3413 ⁹),
1104 3327 1222 3414 quibus
1245 3329 1382 3393 materia
1405 3331 1571 3393 formatur·

287 3434 426 3521 denique
450 3432 491 3498 de
515 3431 576 3498 deo
601 3433 790 3519 disserite),
813 3434 869 3519 qui
893 3434 1027 3498 rationis
1050 3435 1137 3499 iuter
1155 3436 1325 3499 materiam
1349 3445 1380 3500 et
1402 3436 1493 3501 ideas
1516 3437 1566 3498 in-

285 3541 482 3607 tercedentis
506 3550 622 3605 auctor
653 3551 709 3605 est.
741 3541 847 3621 Quem
871 3539 1019 3605 ordinem
1043 3540 1209 3627 cogitandi
1232 3541 1360 3627 legibus
1383 3541 1569 3628 efflagitari,

283 3671 380 3713 nemo
403 3658 452 3712 est
475 3648 555 3734 quin
587 3645 706 3731 videat,
737 3670 811 3712 cum
843 3647 964 3734 Apulei
993 3650 1075 3712 ratio
1106 3650 1300 3714 necessitate
1323 3649 1438 3736 logica,
1462 3659 1497 3713 ut
1519 3649 1566 3712 ita

285 3753 443 3840 dicamus,
467 3753 619 3839 neglecta
650 3763 806 3818 extranea
837 3755 944 3840 specie
968 3753 1108 3819 ducatur
1130 3765 1162 3820 et
1188 3767 1321 3842 aparte
1344 3757 1459 3841 potiori
1482 3756 1566 3820 inci-

283 3860 361 3947 piat,
384 3860 511 3925 scilicet
534 3860 639 3924 adeo.
663 3858 728 3927 Sed
751 3860 816 3924 iam
833 3861 868 3924 in
884 3861 964 3948 ipsis
988 3882 1098 3925 rerum
1121 3863 1222 3926 initiis
1246 3863 1475 3928 enumerandis
1498 3885 1566 3926 ma-

393 4181 415 4245 ¹)
434 4197 456 4231 c.
482 4180 500 4232 3
524 4182 552 4230 iu
577 4180 592 4247 ἡ
617 4177 642 4231 δὲ
668 4184 710 4231 τοῦ
730 4179 863 4250 φιλοσόφου
882 4180 972 4248 σπουδὴ
997 4179 1061 4233 κατὰ
1080 4179 1120 4233 τόν
1138 4180 1257 4233 Πλάτωνα
1274 4180 1297 4232 ἐν
1315 4200 1387 4250 τροοιν
1404 4181 1476 4234 ἔοικεν
1503 4176 1565 4233 εἶναι·

286 4268 310 4321 ἕν
320 4287 347 4320 τε
364 4274 395 4340 τῇ
412 4267 461 4338 θέᾳ
479 4267 518 4318 καὶ
536 4271 626 4339 τῇτῶν
644 4266 822 4340 όντωυζγνώσει,
841 4267 912 4320 aeliu
922 4275 951 4341 τῇ
968 4270 1047 4339 πράξει
1065 4272 1113 4321 τῶν
1130 4269 1211 4322 καλῶν
1227 4270 1267 4322 καὶ
1278 4269 1302 4322 ἐν
1313 4276 1373 4341 αὐτῇ
1387 4277 1417 4341 τῇ
1436 4275 1479 4322 τοῦ
1491 4271 1568 4342 λόγου

284 4357 393 4429 θεωρίᾳ·
420 4357 524 4409 καλεῖται
542 4355 567 4410 δὲ
595 4359 611 4425 ἡ
635 4357 677 4428 μὲν
695 4361 743 4410 τῶν
761 4354 835 4411 όντων
853 4361 940 4430 γνῶσις
957 4358 1102 4427 θεωρητική,
1121 4361 1137 4428 ἡ
1155 4359 1180 4411 δὲ
1198 4359 1251 4428 περὶ
1268 4359 1298 4412 τὰ
1320 4361 1425 4428 πρακτέα
1443 4362 1567 4428 πρακτική,

285 4446 344 4516 ἡδὲ
363 4446 415 4517 περὶ
434 4445 475 4499 rba
492 4446 566 4517 λόγου
584 4447 723 4515 διαλεκτική.
768 4448 786 4516 ²)
806 4451 838 4500 de
858 4465 890 4501 ea
908 4466 937 4501 re
955 4452 1160 4516 disputabimus,
1180 4468 1240 4502 cum
1263 4452 1297 4503 de
1315 4452 1406 4503 libello
1425 4450 1477 4522 περὶ
1494 4448 1569 4518 ἑρμη-

285 4535 344 4597 νείας
363 4555 448 4589 sermo
468 4539 527 4588 erit.
566 4536 584 4605 ³)
604 4554 630 4603 p.
649 4538 675 4603 9,
695 4538 809 4605 25-10,
828 4539 852 4592 b.
908 4538 927 4605 ⁴)
947 4546 1009 4592 met.
1036 4557 1060 4605 p.
1082 4539 1166 4592 rooth
1189 4539 1214 4592 4.
1270 4539 1290 4607 ⁸)
1309 4558 1331 4593 c.
1350 4540 1446 4595 8—27.
1503 4540 1523 4609 ⁸)
1541 4559 1567 4607 p.

285 4625 329 4691 66,
350 4624 462 4679 17-20.
520 4625 539 4694 ⁷)
558 4643 580 4678 c.
600 4625 618 4680 8
636 4645 661 4693 p.
683 4626 724 4692 18,
744 4627 777 4680 21
797 4645 853 4694 sqq.
909 4625 931 4693 ⁸)
950 4645 972 4681 c.
993 4628 1017 4681 8.
1074 4626 1094 4696 ⁹)
1113 4646 1135 4680 c.
1155 4628 1179 4681 9.
1236 4630 1267 4696 ¹⁰)
1286 4646 1308 4682 c.
1329 4630 1370 4683 10.
