<?xml version="1.0" encoding="UTF-8"?>
<!DOCTYPE html PUBLIC "-//W3C//DTD XHTML 1.0 Transitional//EN"
    "http://www.w3.org/TR/xhtml1/DTD/xhtml1-transitional.dtd">
<html xmlns="http://www.w3.org/1999/xhtml" xml:lang="en" lang="en">
 <head>
  <title>
</title>
<meta http-equiv="Content-Type" content="text/html;charset=utf-8" />
  <meta name='ocr-system' content='tesseract 3.04.00' />
  <meta name='ocr-capabilities' content='ocr_page ocr_carea ocr_par ocr_line ocrx_word'/>
</head>
<body>
  <div class='ocr_page' id='page_1' title='image "./deapuleietalbin00sinkgoog_0037.png"; bbox 0 0 3608 5460; ppageno 0'>
   <div class='ocr_carea' id='block_1_1' title="bbox 260 432 1542 517">
    <p class='ocr_par' dir='ltr' id='par_1_1' title="bbox 260 432 1542 517">
     <span class='ocr_line' id='line_1_1' title="bbox 260 432 1542 517; baseline 0.009 -27"><span class='ocrx_word' id='word_1_1' title='bbox 260 432 302 496; x_wconf 88' lang='lat'><strong>30</strong></span> <span class='ocrx_word' id='word_1_2' title='bbox 741 454 934 494; x_wconf 71' lang='lat' dir='ltr'><strong>ruannuuus</strong></span> <span class='ocrx_word' id='word_1_3' title='bbox 953 453 1041 494; x_wconf 81' lang='lat' dir='ltr'><strong>srsxo</strong></span> <span class='ocrx_word' id='word_1_4' title='bbox 1467 447 1542 517; x_wconf 78' lang='lat'><strong>[158]</strong></span> 
     </span>
    </p>
   </div>
   <div class='ocr_carea' id='block_1_2' title="bbox 221 641 1545 4363">
    <p class='ocr_par' dir='ltr' id='par_1_2' title="bbox 259 641 1543 1265">
     <span class='ocr_line' id='line_1_2' title="bbox 260 641 1541 730; baseline 0.002 -22"><span class='ocrx_word' id='word_1_5' title='bbox 260 646 286 708; x_wconf 91' lang='lat' dir='ltr'><strong>si</strong></span> <span class='ocrx_word' id='word_1_6' title='bbox 311 643 556 730; x_wconf 86' lang='lat' dir='ltr'><strong>semiperfectae</strong></span> <span class='ocrx_word' id='word_1_7' title='bbox 588 654 672 728; x_wconf 87' lang='lat' dir='ltr'><strong>sunt,</strong></span> <span class='ocrx_word' id='word_1_8' title='bbox 702 666 767 707; x_wconf 93' lang='lat' dir='ltr'><strong>non</strong></span> <span class='ocrx_word' id='word_1_9' title='bbox 797 641 871 706; x_wconf 89' lang='lat' dir='ltr'><strong>illas</strong></span> <span class='ocrx_word' id='word_1_10' title='bbox 901 642 1034 730; x_wconf 92' lang='lat' dir='ltr'><strong>quidem</strong></span> <span class='ocrx_word' id='word_1_11' title='bbox 1066 642 1256 730; x_wconf 87' lang='lat' dir='ltr'><strong>disciplinas</strong></span> <span class='ocrx_word' id='word_1_12' title='bbox 1280 643 1444 709; x_wconf 87' lang='lat' dir='ltr'><strong>vocandas</strong></span> <span class='ocrx_word' id='word_1_13' title='bbox 1468 667 1541 710; x_wconf 86' lang='lat' dir='ltr'><strong>esse</strong></span> 
     </span>
     <span class='ocr_line' id='line_1_3' title="bbox 260 749 1539 837; baseline 0.001 -23"><span class='ocrx_word' id='word_1_14' title='bbox 260 760 379 834; x_wconf 88' lang='lat' dir='ltr'><strong>censet,</strong></span> <span class='ocrx_word' id='word_1_15' title='bbox 403 751 460 814; x_wconf 89' lang='lat' dir='ltr'><strong>sed</strong></span> <span class='ocrx_word' id='word_1_16' title='bbox 491 773 551 816; x_wconf 91' lang='lat' dir='ltr'><strong>nec</strong></span> <span class='ocrx_word' id='word_1_17' title='bbox 582 751 617 814; x_wconf 88' lang='lat' dir='ltr'><strong>in</strong></span> <span class='ocrx_word' id='word_1_18' title='bbox 648 761 751 814; x_wconf 89' lang='lat' dir='ltr'><strong>totum</strong></span> <span class='ocrx_word' id='word_1_19' title='bbox 781 751 945 814; x_wconf 85' lang='lat' dir='ltr'><strong>existimat</strong></span> <span class='ocrx_word' id='word_1_20' title='bbox 968 749 1152 837; x_wconf 87' lang='lat' dir='ltr'><strong>disciplinis</strong></span> <span class='ocrx_word' id='word_1_21' title='bbox 1175 750 1330 816; x_wconf 85' lang='lat' dir='ltr'><strong>alienas“.</strong></span> <span class='ocrx_word' id='word_1_22' title='bbox 1376 752 1539 816; x_wconf 78' lang='lat' dir='ltr'><strong>Iustitiam</strong></span> 
     </span>
     <span class='ocr_line' id='line_1_4' title="bbox 259 855 1542 944; baseline 0.002 -24"><span class='ocrx_word' id='word_1_23' title='bbox 259 879 338 921; x_wconf 86' lang='lat' dir='ltr'><strong>vero</strong></span> <span class='ocrx_word' id='word_1_24' title='bbox 362 879 558 944; x_wconf 91' lang='lat' dir='ltr'><strong>quamquam</strong></span> <span class='ocrx_word' id='word_1_25' title='bbox 582 861 715 942; x_wconf 77' lang='lat' dir='ltr'><strong>supra1)</strong></span> <span class='ocrx_word' id='word_1_26' title='bbox 739 855 803 921; x_wconf 90' lang='lat' dir='ltr'><strong>late</strong></span> <span class='ocrx_word' id='word_1_27' title='bbox 827 857 989 939; x_wconf 87' lang='lat' dir='ltr'><strong>tractavit,</strong></span> <span class='ocrx_word' id='word_1_28' title='bbox 1014 856 1138 943; x_wconf 75' lang='lat' dir='ltr'><strong>nunc2)</strong></span> <span class='ocrx_word' id='word_1_29' title='bbox 1169 857 1306 922; x_wconf 90' lang='lat' dir='ltr'><strong>denuo</strong></span> <span class='ocrx_word' id='word_1_30' title='bbox 1330 857 1441 923; x_wconf 87' lang='lat' dir='ltr'><strong>eadem</strong></span> <span class='ocrx_word' id='word_1_31' title='bbox 1465 881 1542 944; x_wconf 90' lang='lat' dir='ltr'><strong>pro-</strong></span> 
     </span>
     <span class='ocr_line' id='line_1_5' title="bbox 260 962 1543 1051; baseline 0.002 -24"><span class='ocrx_word' id='word_1_32' title='bbox 260 964 324 1028; x_wconf 86' lang='lat' dir='ltr'><strong>fert</strong></span> <span class='ocrx_word' id='word_1_33' title='bbox 347 975 378 1027; x_wconf 89' lang='lat' dir='ltr'><strong>et</strong></span> <span class='ocrx_word' id='word_1_34' title='bbox 402 965 518 1049; x_wconf 87' lang='lat' dir='ltr'><strong>partim</strong></span> <span class='ocrx_word' id='word_1_35' title='bbox 543 964 674 1029; x_wconf 88' lang='lat' dir='ltr'><strong>virtutis</strong></span> <span class='ocrx_word' id='word_1_36' title='bbox 698 964 817 1048; x_wconf 88' lang='lat' dir='ltr'><strong>partim</strong></span> <span class='ocrx_word' id='word_1_37' title='bbox 841 962 1033 1048; x_wconf 90' lang='lat' dir='ltr'><strong>disciplinae</strong></span> <span class='ocrx_word' id='word_1_38' title='bbox 1054 965 1266 1051; x_wconf 80' lang='lat' dir='ltr'>proprietates</span> <span class='ocrx_word' id='word_1_39' title='bbox 1290 966 1324 1028; x_wconf 91' lang='lat' dir='ltr'><strong>in</strong></span> <span class='ocrx_word' id='word_1_40' title='bbox 1348 987 1386 1029; x_wconf 89' lang='lat' dir='ltr'><strong>ea</strong></span> <span class='ocrx_word' id='word_1_41' title='bbox 1410 964 1543 1050; x_wconf 83' lang='lat' dir='ltr'><strong>detegit.</strong></span> 
     </span>
     <span class='ocr_line' id='line_1_6' title="bbox 366 1068 1541 1136; baseline 0.001 -2"><span class='ocrx_word' id='word_1_42' title='bbox 366 1069 414 1134; x_wconf 87' lang='lat' dir='ltr'><strong>Re</strong></span> <span class='ocrx_word' id='word_1_43' title='bbox 438 1069 478 1134; x_wconf 91' lang='lat' dir='ltr'><strong>de</strong></span> <span class='ocrx_word' id='word_1_44' title='bbox 502 1069 678 1134; x_wconf 88' lang='lat' dir='ltr'><strong>virtutibus</strong></span> <span class='ocrx_word' id='word_1_45' title='bbox 710 1068 895 1134; x_wconf 77' lang='lat' dir='ltr'><strong>ediscendis</strong></span> <span class='ocrx_word' id='word_1_46' title='bbox 927 1068 1075 1135; x_wconf 88' lang='lat' dir='ltr'><strong>absoluta</strong></span> <span class='ocrx_word' id='word_1_47' title='bbox 1098 1070 1139 1133; x_wconf 91' lang='lat' dir='ltr'><strong>ad</strong></span> <span class='ocrx_word' id='word_1_48' title='bbox 1168 1071 1348 1135; x_wconf 81' lang='lat' dir='ltr'><strong>doctrinam</strong></span> <span class='ocrx_word' id='word_1_49' title='bbox 1380 1072 1541 1136; x_wconf 91' lang='lat' dir='ltr'><strong>bonorum</strong></span> 
     </span>
     <span class='ocr_line' id='line_1_7' title="bbox 259 1176 1541 1265; baseline 0.001 -24"><span class='ocrx_word' id='word_1_50' title='bbox 259 1176 407 1262; x_wconf 81' lang='lat' dir='ltr'><strong>redit³)</strong></span> <span class='ocrx_word' id='word_1_51' title='bbox 431 1187 528 1241; x_wconf 89' lang='lat' dir='ltr'><strong>etex</strong></span> <span class='ocrx_word' id='word_1_52' title='bbox 550 1176 731 1263; x_wconf 88' lang='lat' dir='ltr'><strong>Republica</strong></span> <span class='ocrx_word' id='word_1_53' title='bbox 763 1177 798 1240; x_wconf 94' lang='lat' dir='ltr'><strong>II</strong></span> <span class='ocrx_word' id='word_1_54' title='bbox 831 1178 894 1244; x_wconf 80' lang='lat'><strong>357</strong></span> <span class='ocrx_word' id='word_1_55' title='bbox 928 1177 1053 1241; x_wconf 90' lang='lat' dir='ltr'><strong>B—D</strong></span> <span class='ocrx_word' id='word_1_56' title='bbox 1079 1176 1174 1242; x_wconf 87' lang='lat' dir='ltr'><strong>docet</strong></span> <span class='ocrx_word' id='word_1_57' title='bbox 1196 1177 1355 1242; x_wconf 89' lang='lat' dir='ltr'><strong>bonorum</strong></span> <span class='ocrx_word' id='word_1_58' title='bbox 1378 1179 1541 1265; x_wconf 81' lang='lat' dir='ltr'><strong>quaedam</strong></span> 
     </span>
    </p>

    <p class='ocr_par' dir='ltr' id='par_1_3' title="bbox 221 1269 1545 4363">
     <span class='ocr_line' id='line_1_8' title="bbox 221 1269 1542 1370; baseline 0.002 -22"><span class='ocrx_word' id='word_1_59' title='bbox 221 1269 226 1280; x_wconf 57' lang='grc'><strong>’</strong></span> <span class='ocrx_word' id='word_1_60' title='bbox 260 1285 312 1348; x_wconf 90' lang='lat' dir='ltr'><strong>sui</strong></span> <span class='ocrx_word' id='word_1_61' title='bbox 334 1285 440 1369; x_wconf 86' lang='lat' dir='ltr'><strong>gratia</strong></span> <span class='ocrx_word' id='word_1_62' title='bbox 463 1283 646 1368; x_wconf 88' lang='lat' dir='ltr'><strong>appetenda</strong></span> <span class='ocrx_word' id='word_1_63' title='bbox 661 1306 740 1368; x_wconf 91' lang='lat' dir='ltr'><strong>esse,</strong></span> <span class='ocrx_word' id='word_1_64' title='bbox 765 1294 801 1348; x_wconf 90' lang='lat' dir='ltr'><strong>ut</strong></span> <span class='ocrx_word' id='word_1_65' title='bbox 815 1283 1064 1369; x_wconf 74' lang='lat' dir='ltr'><strong>beatitudinem,</strong></span> <span class='ocrx_word' id='word_1_66' title='bbox 1086 1283 1207 1348; x_wconf 92' lang='lat' dir='ltr'><strong>bonum</strong></span> <span class='ocrx_word' id='word_1_67' title='bbox 1232 1285 1389 1370; x_wconf 84' lang='lat' dir='ltr'><strong>gaudium</strong></span> <span class='ocrx_word' id='word_1_68' title='bbox 1413 1282 1480 1368; x_wconf 83' lang='grc' dir='ltr'>(οἷον</span> <span class='ocrx_word' id='word_1_69' title='bbox 1504 1290 1542 1350; x_wconf 79' lang='grc' dir='ltr'><strong>τὸ</strong></span> 
     </span>
     <span class='ocr_line' id='line_1_9' title="bbox 260 1382 1541 1478; baseline 0.002 -24"><span class='ocrx_word' id='word_1_70' title='bbox 260 1395 366 1478; x_wconf 81' lang='grc' dir='ltr'>χαίρειν</span> <span class='ocrx_word' id='word_1_71' title='bbox 397 1393 446 1454; x_wconf 85' lang='grc' dir='ltr'><strong>καὶ</strong></span> <span class='ocrx_word' id='word_1_72' title='bbox 477 1396 505 1453; x_wconf 88' lang='grc' dir='ltr'><strong>αἱ</strong></span> <span class='ocrx_word' id='word_1_73' title='bbox 536 1382 646 1477; x_wconf 73' lang='grc' dir='ltr'>ἡδοναί,</span> <span class='ocrx_word' id='word_1_74' title='bbox 669 1393 732 1454; x_wconf 85' lang='grc' dir='ltr'>ὅσαι</span> <span class='ocrx_word' id='word_1_75' title='bbox 764 1393 926 1477; x_wconf 80' lang='grc' dir='ltr'>ἁβλαβιῖς);</span> <span class='ocrx_word' id='word_1_76' title='bbox 950 1390 1015 1454; x_wconf 89' lang='lat' dir='ltr'><strong>alia</strong></span> <span class='ocrx_word' id='word_1_77' title='bbox 1038 1414 1103 1455; x_wconf 91' lang='lat' dir='ltr'><strong>non</strong></span> <span class='ocrx_word' id='word_1_78' title='bbox 1127 1392 1177 1455; x_wconf 90' lang='lat' dir='ltr'><strong>sui</strong></span> <span class='ocrx_word' id='word_1_79' title='bbox 1202 1394 1315 1477; x_wconf 83' lang='lat' dir='ltr'><strong>gratia,</strong></span> <span class='ocrx_word' id='word_1_80' title='bbox 1346 1404 1382 1456; x_wconf 92' lang='lat' dir='ltr'><strong>ut</strong></span> <span class='ocrx_word' id='word_1_81' title='bbox 1405 1393 1541 1457; x_wconf 88' lang='lat' dir='ltr'><strong>medici-</strong></span> 
     </span>
     <span class='ocr_line' id='line_1_10' title="bbox 260 1497 1542 1585; baseline 0.002 -24"><span class='ocrx_word' id='word_1_82' title='bbox 260 1521 336 1561; x_wconf 90' lang='lat' dir='ltr'><strong>narn</strong></span> <span class='ocrx_word' id='word_1_83' title='bbox 361 1501 408 1579; x_wconf 81' lang='grc' dir='ltr'><strong>(τὸ</strong></span> <span class='ocrx_word' id='word_1_84' title='bbox 431 1501 579 1584; x_wconf 77' lang='grc' dir='ltr'>κάμνοντα</span> <span class='ocrx_word' id='word_1_85' title='bbox 603 1497 787 1585; x_wconf 74' lang='grc' dir='ltr'>ἰατρεύεσθαι</span> <span class='ocrx_word' id='word_1_86' title='bbox 809 1500 858 1561; x_wconf 87' lang='grc' dir='ltr'><strong>καὶ</strong></span> <span class='ocrx_word' id='word_1_87' title='bbox 881 1498 1042 1584; x_wconf 77' lang='grc' dir='ltr'>ἰάτρευσις),</span> <span class='ocrx_word' id='word_1_88' title='bbox 1066 1497 1131 1561; x_wconf 91' lang='lat' dir='ltr'><strong>alia</strong></span> <span class='ocrx_word' id='word_1_89' title='bbox 1154 1509 1185 1562; x_wconf 89' lang='lat' dir='ltr'><strong>et</strong></span> <span class='ocrx_word' id='word_1_90' title='bbox 1209 1499 1259 1562; x_wconf 91' lang='lat' dir='ltr'><strong>sui</strong></span> <span class='ocrx_word' id='word_1_91' title='bbox 1284 1510 1315 1563; x_wconf 89' lang='lat' dir='ltr'><strong>et</strong></span> <span class='ocrx_word' id='word_1_92' title='bbox 1338 1499 1482 1584; x_wconf 86' lang='lat' dir='ltr'><strong>alterius,</strong></span> <span class='ocrx_word' id='word_1_93' title='bbox 1505 1501 1542 1564; x_wconf 92' lang='lat' dir='ltr'><strong>id</strong></span> 
     </span>
     <span class='ocr_line' id='line_1_11' title="bbox 260 1603 1541 1692; baseline 0.002 -22"><span class='ocrx_word' id='word_1_94' title='bbox 260 1616 309 1671; x_wconf 89' lang='lat' dir='ltr'><strong>est</strong></span> <span class='ocrx_word' id='word_1_95' title='bbox 331 1603 550 1689; x_wconf 89' lang='lat' dir='ltr'><strong>beatitudinis,</strong></span> <span class='ocrx_word' id='word_1_96' title='bbox 574 1615 608 1669; x_wconf 94' lang='lat' dir='ltr'><strong>ut</strong></span> <span class='ocrx_word' id='word_1_97' title='bbox 632 1606 779 1669; x_wconf 86' lang='lat' dir='ltr'><strong>virtutes.</strong></span> <span class='ocrx_word' id='word_1_98' title='bbox 805 1604 969 1668; x_wconf 85' lang='lat' dir='ltr'><strong>Bonorum</strong></span> <span class='ocrx_word' id='word_1_99' title='bbox 992 1604 1070 1668; x_wconf 91' lang='lat' dir='ltr'><strong>ordo</strong></span> <span class='ocrx_word' id='word_1_100' title='bbox 1094 1604 1281 1670; x_wconf 87' lang='lat' dir='ltr'><strong>Platonicus</strong></span> <span class='ocrx_word' id='word_1_101' title='bbox 1305 1606 1339 1669; x_wconf 92' lang='lat' dir='ltr'><strong>in</strong></span> <span class='ocrx_word' id='word_1_102' title='bbox 1363 1607 1475 1692; x_wconf 88' lang='lat' dir='ltr'><strong>paucis</strong></span> <span class='ocrx_word' id='word_1_103' title='bbox 1499 1609 1541 1672; x_wconf 91' lang='lat' dir='ltr'><strong>ab</strong></span> 
     </span>
     <span class='ocr_line' id='line_1_12' title="bbox 259 1711 1542 1799; baseline 0.002 -22"><span class='ocrx_word' id='word_1_104' title='bbox 259 1711 321 1777; x_wconf 87' lang='lat' dir='ltr'><strong>hoo</strong></span> <span class='ocrx_word' id='word_1_105' title='bbox 344 1711 480 1777; x_wconf 79' lang='lat' dir='ltr'><strong>recedit:</strong></span> <span class='ocrx_word' id='word_1_106' title='bbox 510 1713 544 1777; x_wconf 92' lang='lat' dir='ltr'><strong>Is</strong></span> <span class='ocrx_word' id='word_1_107' title='bbox 576 1712 663 1776; x_wconf 90' lang='lat' dir='ltr'><strong>enim</strong></span> <span class='ocrx_word' id='word_1_108' title='bbox 694 1711 882 1775; x_wconf 88' lang='lat' dir='ltr'><strong>secundo</strong></span> <span class='ocrx_word' id='word_1_109' title='bbox 912 1711 1005 1776; x_wconf 86' lang='lat' dir='ltr'><strong>loco</strong></span> <span class='ocrx_word' id='word_1_110' title='bbox 1037 1734 1083 1795; x_wconf 67' lang='lat' dir='ltr'><strong>ea,</strong></span> <span class='ocrx_word' id='word_1_111' title='bbox 1115 1734 1199 1798; x_wconf 88' lang='lat' dir='ltr'><strong>quae</strong></span> <span class='ocrx_word' id='word_1_112' title='bbox 1223 1714 1347 1798; x_wconf 87' lang='lat' dir='ltr'><strong>etipsa</strong></span> <span class='ocrx_word' id='word_1_113' title='bbox 1370 1735 1428 1799; x_wconf 90' lang='lat' dir='ltr'><strong>per</strong></span> <span class='ocrx_word' id='word_1_114' title='bbox 1452 1735 1486 1778; x_wconf 92' lang='lat' dir='ltr'><strong>se</strong></span> <span class='ocrx_word' id='word_1_115' title='bbox 1509 1725 1542 1779; x_wconf 91' lang='lat' dir='ltr'><strong>et</strong></span> 
     </span>
     <span class='ocr_line' id='line_1_13' title="bbox 261 1818 1543 1906; baseline 0.002 -25"><span class='ocrx_word' id='word_1_116' title='bbox 261 1829 390 1906; x_wconf 89' lang='lat' dir='ltr'><strong>propter</strong></span> <span class='ocrx_word' id='word_1_117' title='bbox 413 1841 459 1902; x_wconf 87' lang='lat' dir='ltr'><strong>ea,</strong></span> <span class='ocrx_word' id='word_1_118' title='bbox 483 1841 565 1904; x_wconf 89' lang='lat' dir='ltr'><strong>quae</strong></span> <span class='ocrx_word' id='word_1_119' title='bbox 589 1818 630 1882; x_wconf 90' lang='lat' dir='ltr'><strong>ab</strong></span> <span class='ocrx_word' id='word_1_120' title='bbox 654 1819 701 1883; x_wconf 85' lang='lat' dir='ltr'><strong>eis</strong></span> <span class='ocrx_word' id='word_1_121' title='bbox 717 1819 831 1902; x_wconf 87' lang='lat' dir='ltr'><strong>fluunt,</strong></span> <span class='ocrx_word' id='word_1_122' title='bbox 854 1829 1059 1906; x_wconf 85' lang='lat' dir='ltr'><strong>expetuntur,</strong></span> <span class='ocrx_word' id='word_1_123' title='bbox 1082 1821 1198 1905; x_wconf 91' lang='lat' dir='ltr'><strong>posuit,</strong></span> <span class='ocrx_word' id='word_1_124' title='bbox 1222 1829 1257 1883; x_wconf 93' lang='lat' dir='ltr'><strong>ut</strong></span> <span class='ocrx_word' id='word_1_125' title='bbox 1274 1842 1396 1905; x_wconf 80' lang='lat' dir='ltr'><strong>sapere,</strong></span> <span class='ocrx_word' id='word_1_126' title='bbox 1419 1821 1543 1906; x_wconf 87' lang='lat' dir='ltr'><strong>videre,</strong></span> 
     </span>
     <span class='ocr_line' id='line_1_14' title="bbox 261 1924 1539 2012; baseline 0 -22"><span class='ocrx_word' id='word_1_127' title='bbox 261 1925 378 1990; x_wconf 86' lang='lat' dir='ltr'><strong>valere.</strong></span> <span class='ocrx_word' id='word_1_128' title='bbox 403 1926 445 1989; x_wconf 84' lang='lat' dir='ltr'><strong>Et</strong></span> <span class='ocrx_word' id='word_1_129' title='bbox 467 1924 525 1987; x_wconf 86' lang='lat' dir='ltr'><strong>illa</strong></span> <span class='ocrx_word' id='word_1_130' title='bbox 549 1924 680 2011; x_wconf 92' lang='lat' dir='ltr'><strong>quidem</strong></span> <span class='ocrx_word' id='word_1_131' title='bbox 705 1924 851 1989; x_wconf 87' lang='lat' dir='ltr'><strong>absolute</strong></span> <span class='ocrx_word' id='word_1_132' title='bbox 876 1925 1037 2012; x_wconf 67' lang='grc' dir='ltr'>(ἁτλῶς)4)</span> <span class='ocrx_word' id='word_1_133' title='bbox 1060 1925 1145 1990; x_wconf 92' lang='lat' dir='ltr'><strong>bona</strong></span> <span class='ocrx_word' id='word_1_134' title='bbox 1161 1927 1352 2011; x_wconf 87' lang='lat' dir='ltr'><strong>nominavit,</strong></span> <span class='ocrx_word' id='word_1_135' title='bbox 1376 1926 1457 1992; x_wconf 88' lang='lat' dir='ltr'><strong>haec</strong></span> <span class='ocrx_word' id='word_1_136' title='bbox 1479 1950 1539 1991; x_wconf 91' lang='lat' dir='ltr'><strong>nos</strong></span> 
     </span>
     <span class='ocr_line' id='line_1_15' title="bbox 260 2032 1542 2118; baseline 0.002 -22"><span class='ocrx_word' id='word_1_137' title='bbox 260 2032 399 2098; x_wconf 90' lang='lat' dir='ltr'><strong>relativa</strong></span> <span class='ocrx_word' id='word_1_138' title='bbox 423 2033 590 2096; x_wconf 91' lang='lat' dir='ltr'><strong>nominare</strong></span> <span class='ocrx_word' id='word_1_139' title='bbox 614 2054 793 2117; x_wconf 81' lang='lat' dir='ltr'><strong>possumne,</strong></span> <span class='ocrx_word' id='word_1_140' title='bbox 817 2054 880 2118; x_wconf 93' lang='lat' dir='ltr'><strong>quo</strong></span> <span class='ocrx_word' id='word_1_141' title='bbox 902 2034 937 2095; x_wconf 90' lang='lat' dir='ltr'><strong>in</strong></span> <span class='ocrx_word' id='word_1_142' title='bbox 960 2055 1079 2116; x_wconf 84' lang='lat' dir='ltr'><strong>genera</strong></span> <span class='ocrx_word' id='word_1_143' title='bbox 1103 2033 1201 2096; x_wconf 87' lang='lat' dir='ltr'><strong>etiam</strong></span> <span class='ocrx_word' id='word_1_144' title='bbox 1224 2034 1348 2097; x_wconf 89' lang='lat' dir='ltr'><strong>iustitia</strong></span> <span class='ocrx_word' id='word_1_145' title='bbox 1372 2057 1542 2099; x_wconf 86' lang='lat' dir='ltr'><strong>enumera-</strong></span> 
     </span>
     <span class='ocr_line' id='line_1_16' title="bbox 260 2137 1541 2226; baseline 0.001 -23"><span class='ocrx_word' id='word_1_146' title='bbox 260 2149 322 2204; x_wconf 87' lang='lat' dir='ltr'><strong>tur.</strong></span> <span class='ocrx_word' id='word_1_147' title='bbox 345 2139 506 2224; x_wconf 82' lang='lat' dir='ltr'><strong>Exempla</strong></span> <span class='ocrx_word' id='word_1_148' title='bbox 529 2139 569 2203; x_wconf 90' lang='lat' dir='ltr'><strong>ab</strong></span> <span class='ocrx_word' id='word_1_149' title='bbox 594 2137 732 2224; x_wconf 85' lang='lat' dir='ltr'><strong>Apuleio</strong></span> <span class='ocrx_word' id='word_1_150' title='bbox 755 2139 880 2224; x_wconf 89' lang='lat' dir='ltr'><strong>prolata</strong></span> <span class='ocrx_word' id='word_1_151' title='bbox 902 2140 1007 2224; x_wconf 84' lang='lat' dir='ltr'><strong>magis</strong></span> <span class='ocrx_word' id='word_1_152' title='bbox 1023 2138 1066 2202; x_wconf 89' lang='lat' dir='ltr'><strong>ad</strong></span> <span class='ocrx_word' id='word_1_153' title='bbox 1081 2139 1238 2205; x_wconf 86' lang='lat' dir='ltr'><strong>Albinum</strong></span> <span class='ocrx_word' id='word_1_154' title='bbox 1253 2143 1277 2219; x_wconf 75' lang='lat'><strong>⁵)</strong></span> <span class='ocrx_word' id='word_1_155' title='bbox 1300 2140 1470 2226; x_wconf 86' lang='lat' dir='ltr'><strong>accedunt,</strong></span> <span class='ocrx_word' id='word_1_156' title='bbox 1485 2141 1541 2226; x_wconf 87' lang='lat' dir='ltr'><strong>qui</strong></span> 
     </span>
     <span class='ocr_line' id='line_1_17' title="bbox 261 2244 1541 2333; baseline 0 -22"><span class='ocrx_word' id='word_1_157' title='bbox 261 2246 376 2311; x_wconf 89' lang='lat' dir='ltr'><strong>eodem</strong></span> <span class='ocrx_word' id='word_1_158' title='bbox 399 2245 495 2309; x_wconf 91' lang='lat' dir='ltr'><strong>modo</strong></span> <span class='ocrx_word' id='word_1_159' title='bbox 519 2247 615 2330; x_wconf 89' lang='lat' dir='ltr'><strong>vires,</strong></span> <span class='ocrx_word' id='word_1_160' title='bbox 631 2244 861 2330; x_wconf 87' lang='lat' dir='ltr'><strong>valetudinem,</strong></span> <span class='ocrx_word' id='word_1_161' title='bbox 884 2245 1016 2310; x_wconf 86' lang='lat' dir='ltr'><strong>divitias</strong></span> <span class='ocrx_word' id='word_1_162' title='bbox 1032 2245 1172 2332; x_wconf 88' lang='lat' dir='ltr'><strong>protulit.</strong></span> <span class='ocrx_word' id='word_1_163' title='bbox 1196 2247 1321 2310; x_wconf 82' lang='lat' dir='ltr'><strong>Eodem</strong></span> <span class='ocrx_word' id='word_1_164' title='bbox 1336 2258 1431 2333; x_wconf 89' lang='lat' dir='ltr'><strong>pacto</strong></span> <span class='ocrx_word' id='word_1_165' title='bbox 1454 2247 1541 2312; x_wconf 84' lang='lat' dir='ltr'><strong>mala</strong></span> 
     </span>
     <span class='ocr_line' id='line_1_18' title="bbox 262 2351 1543 2440; baseline 0.001 -23"><span class='ocrx_word' id='word_1_166' title='bbox 262 2375 386 2440; x_wconf 92' lang='lat' dir='ltr'><strong>quoque</strong></span> <span class='ocrx_word' id='word_1_167' title='bbox 410 2351 611 2436; x_wconf 89' lang='lat' dir='ltr'><strong>dividuntur,</strong></span> <span class='ocrx_word' id='word_1_168' title='bbox 642 2351 768 2416; x_wconf 89' lang='lat' dir='ltr'><strong>scilicet</strong></span> <span class='ocrx_word' id='word_1_169' title='bbox 791 2353 824 2415; x_wconf 93' lang='lat' dir='ltr'><strong>in</strong></span> <span class='ocrx_word' id='word_1_170' title='bbox 849 2352 998 2417; x_wconf 89' lang='lat' dir='ltr'><strong>absoluta</strong></span> <span class='ocrx_word' id='word_1_171' title='bbox 1021 2364 1053 2416; x_wconf 92' lang='lat' dir='ltr'><strong>et</strong></span> <span class='ocrx_word' id='word_1_172' title='bbox 1080 2352 1226 2417; x_wconf 87' lang='lat' dir='ltr'><strong>relativa.</strong></span> <span class='ocrx_word' id='word_1_173' title='bbox 1272 2357 1353 2420; x_wconf 78' lang='lat' dir='ltr'><strong>Cum</strong></span> <span class='ocrx_word' id='word_1_174' title='bbox 1386 2355 1543 2418; x_wconf 85' lang='lat' dir='ltr'><strong>virtutem</strong></span> 
     </span>
     <span class='ocr_line' id='line_1_19' title="bbox 264 2458 1540 2547; baseline 0.001 -23"><span class='ocrx_word' id='word_1_175' title='bbox 264 2459 411 2524; x_wconf 87' lang='lat' dir='ltr'><strong>absolute</strong></span> <span class='ocrx_word' id='word_1_176' title='bbox 434 2458 554 2522; x_wconf 91' lang='lat' dir='ltr'><strong>bonum</strong></span> <span class='ocrx_word' id='word_1_177' title='bbox 572 2458 699 2543; x_wconf 81' lang='lat' dir='ltr'><strong>dixerit.</strong></span> <span class='ocrx_word' id='word_1_178' title='bbox 723 2470 859 2545; x_wconf 88' lang='lat' dir='ltr'><strong>peccata</strong></span> <span class='ocrx_word' id='word_1_179' title='bbox 882 2459 1029 2524; x_wconf 88' lang='lat' dir='ltr'><strong>absolute</strong></span> <span class='ocrx_word' id='word_1_180' title='bbox 1046 2459 1169 2524; x_wconf 92' lang='lat' dir='ltr'><strong>malum</strong></span> <span class='ocrx_word' id='word_1_181' title='bbox 1179 2464 1213 2546; x_wconf 80' lang='lat'><strong>⁶),</strong></span> <span class='ocrx_word' id='word_1_182' title='bbox 1236 2461 1270 2523; x_wconf 91' lang='lat' dir='ltr'><strong>in</strong></span> <span class='ocrx_word' id='word_1_183' title='bbox 1287 2471 1460 2547; x_wconf 88' lang='lat' dir='ltr'><strong>utrumque</strong></span> <span class='ocrx_word' id='word_1_184' title='bbox 1483 2461 1540 2526; x_wconf 86' lang='lat' dir='ltr'><strong>Al-</strong></span> 
     </span>
     <span class='ocr_line' id='line_1_20' title="bbox 261 2559 1542 2652; baseline 0 -20"><span class='ocrx_word' id='word_1_185' title='bbox 261 2567 338 2632; x_wconf 90' lang='lat' dir='ltr'><strong>bino</strong></span> <span class='ocrx_word' id='word_1_186' title='bbox 361 2565 444 2631; x_wconf 90' lang='lat' dir='ltr'><strong>duce</strong></span> <span class='ocrx_word' id='word_1_187' title='bbox 456 2571 478 2650; x_wconf 75' lang='lat'><strong>⁷)</strong></span> <span class='ocrx_word' id='word_1_188' title='bbox 501 2567 637 2652; x_wconf 90' lang='lat' dir='ltr'><strong>inquirit</strong></span> <span class='ocrx_word' id='word_1_189' title='bbox 647 2570 679 2637; x_wconf 80' lang='lat'><strong>⁸).</strong></span> <span class='ocrx_word' id='word_1_190' title='bbox 712 2567 877 2647; x_wconf 79' lang='lat' dir='ltr'><strong>Quicum</strong></span> <span class='ocrx_word' id='word_1_191' title='bbox 909 2567 1063 2631; x_wconf 83' lang='lat' dir='ltr'><strong>virtutem</strong></span> <span class='ocrx_word' id='word_1_192' title='bbox 1088 2559 1248 2631; x_wconf 77' lang='grc' dir='ltr'>ἀδέσποτον</span> <span class='ocrx_word' id='word_1_193' title='bbox 1273 2589 1348 2632; x_wconf 87' lang='lat' dir='ltr'><strong>cum</strong></span> <span class='ocrx_word' id='word_1_194' title='bbox 1372 2567 1506 2632; x_wconf 90' lang='lat' dir='ltr'><strong>Platone</strong></span> <span class='ocrx_word' id='word_1_195' title='bbox 1516 2573 1542 2650; x_wconf 80' lang='lat'><strong>⁹)</strong></span> 
     </span>
     <span class='ocr_line' id='line_1_21' title="bbox 262 2672 1543 2764; baseline 0 -28"><span class='ocrx_word' id='word_1_196' title='bbox 262 2674 481 2738; x_wconf 88' lang='lat' dir='ltr'><strong>nominaverit</strong></span> <span class='ocrx_word' id='word_1_197' title='bbox 504 2684 535 2738; x_wconf 83' lang='lat' dir='ltr'><strong>et</strong></span> <span class='ocrx_word' id='word_1_198' title='bbox 558 2674 685 2737; x_wconf 83' lang='grc' dir='ltr'>ἑκούσιον</span> <span class='ocrx_word' id='word_1_199' title='bbox 708 2685 740 2737; x_wconf 87' lang='lat' dir='ltr'><strong>et</strong></span> <span class='ocrx_word' id='word_1_200' title='bbox 762 2677 816 2737; x_wconf 91' lang='grc' dir='ltr'>είτι</span> <span class='ocrx_word' id='word_1_201' title='bbox 841 2675 913 2737; x_wconf 73' lang='grc' dir='ltr'><strong>ἄλλο</strong></span> <span class='ocrx_word' id='word_1_202' title='bbox 938 2672 982 2761; x_wconf 77' lang='grc' dir='ltr'><strong>ἐφ’</strong></span> <span class='ocrx_word' id='word_1_203' title='bbox 1004 2678 1071 2762; x_wconf 78' lang='grc' dir='ltr'>ἡμῖν</span> <span class='ocrx_word' id='word_1_204' title='bbox 1095 2677 1207 2738; x_wconf 86' lang='grc' dir='ltr'>ἐστὶ...</span> <span class='ocrx_word' id='word_1_205' title='bbox 1238 2677 1287 2737; x_wconf 87' lang='grc' dir='ltr'><strong>καὶ</strong></span> <span class='ocrx_word' id='word_1_206' title='bbox 1317 2679 1335 2762; x_wconf 75' lang='grc' dir='ltr'>ἡ</span> <span class='ocrx_word' id='word_1_207' title='bbox 1367 2675 1457 2764; x_wconf 71' lang='grc' dir='ltr'>ἀρετ-’ρ</span> <span class='ocrx_word' id='word_1_208' title='bbox 1480 2699 1543 2738; x_wconf 82' lang='grc' dir='ltr'>τοι·</span> 
     </span>
     <span class='ocr_line' id='line_1_22' title="bbox 262 2779 1542 2868; baseline 0.002 -24"><span class='ocrx_word' id='word_1_209' title='bbox 262 2791 346 2844; x_wconf 84' lang='grc' dir='ltr'>οὑτον</span> <span class='ocrx_word' id='word_1_210' title='bbox 369 2781 500 2868; x_wconf 79' lang='grc' dir='ltr'>ὑπάρχει,</span> <span class='ocrx_word' id='word_1_211' title='bbox 523 2779 682 2867; x_wconf 88' lang='lat' dir='ltr'><strong>Apuleius</strong></span> <span class='ocrx_word' id='word_1_212' title='bbox 706 2802 776 2845; x_wconf 89' lang='lat' dir='ltr'><strong>eam</strong></span> <span class='ocrx_word' id='word_1_213' title='bbox 804 2780 961 2866; x_wconf 85' lang='lat' dir='ltr'><strong>,liberam</strong></span> <span class='ocrx_word' id='word_1_214' title='bbox 981 2793 1013 2844; x_wconf 92' lang='lat' dir='ltr'><strong>et</strong></span> <span class='ocrx_word' id='word_1_215' title='bbox 1035 2782 1069 2845; x_wconf 92' lang='lat' dir='ltr'><strong>in</strong></span> <span class='ocrx_word' id='word_1_216' title='bbox 1092 2780 1186 2845; x_wconf 88' lang='lat' dir='ltr'><strong>nobis</strong></span> <span class='ocrx_word' id='word_1_217' title='bbox 1210 2783 1306 2845; x_wconf 89' lang='lat' dir='ltr'><strong>sitam</strong></span> <span class='ocrx_word' id='word_1_218' title='bbox 1322 2792 1354 2846; x_wconf 87' lang='lat' dir='ltr'><strong>et</strong></span> <span class='ocrx_word' id='word_1_219' title='bbox 1369 2782 1462 2846; x_wconf 91' lang='lat' dir='ltr'><strong>nobis</strong></span> <span class='ocrx_word' id='word_1_220' title='bbox 1485 2805 1542 2846; x_wconf 87' lang='lat' dir='ltr'><strong>vo-</strong></span> 
     </span>
     <span class='ocr_line' id='line_1_23' title="bbox 262 2887 1542 2974; baseline 0.002 -24"><span class='ocrx_word' id='word_1_221' title='bbox 262 2887 387 2951; x_wconf 89' lang='lat' dir='ltr'><strong>luntate</strong></span> <span class='ocrx_word' id='word_1_222' title='bbox 410 2887 644 2974; x_wconf 85' lang='lat' dir='ltr'><strong>appetendam“</strong></span> <span class='ocrx_word' id='word_1_223' title='bbox 671 2887 762 2950; x_wconf 88' lang='lat' dir='ltr'><strong>dixit.</strong></span> <span class='ocrx_word' id='word_1_224' title='bbox 787 2887 893 2953; x_wconf 84' lang='lat' dir='ltr'><strong>Simili</strong></span> <span class='ocrx_word' id='word_1_225' title='bbox 917 2887 1013 2951; x_wconf 88' lang='lat' dir='ltr'><strong>modo</strong></span> <span class='ocrx_word' id='word_1_226' title='bbox 1036 2899 1169 2974; x_wconf 90' lang='lat' dir='ltr'><strong>peccata</strong></span> <span class='ocrx_word' id='word_1_227' title='bbox 1191 2910 1256 2950; x_wconf 95' lang='lat' dir='ltr'><strong>non</strong></span> <span class='ocrx_word' id='word_1_228' title='bbox 1280 2887 1447 2953; x_wconf 89' lang='lat' dir='ltr'><strong>voluntate</strong></span> <span class='ocrx_word' id='word_1_229' title='bbox 1471 2911 1542 2952; x_wconf 90' lang='lat' dir='ltr'><strong>sus-</strong></span> 
     </span>
     <span class='ocr_line' id='line_1_24' title="bbox 264 2993 1543 3082; baseline 0.001 -24"><span class='ocrx_word' id='word_1_230' title='bbox 264 2995 328 3080; x_wconf 90' lang='lat' dir='ltr'><strong>cipi</strong></span> <span class='ocrx_word' id='word_1_231' title='bbox 352 2996 399 3075; x_wconf 81' lang='grc' dir='ltr'><strong>(τὺ</strong></span> <span class='ocrx_word' id='word_1_232' title='bbox 422 2993 476 3080; x_wconf 76' lang='grc' dir='ltr'><strong>τὴν</strong></span> <span class='ocrx_word' id='word_1_233' title='bbox 499 2997 603 3058; x_wconf 82' lang='grc' dir='ltr'>κακίαν</span> <span class='ocrx_word' id='word_1_234' title='bbox 634 2995 765 3057; x_wconf 83' lang='grc' dir='ltr'>αἰιιοὺσιον</span> <span class='ocrx_word' id='word_1_235' title='bbox 796 2994 947 3080; x_wconf 81' lang='grc' dir='ltr'>ὑπάρχειν)</span> <span class='ocrx_word' id='word_1_236' title='bbox 958 2999 996 3080; x_wconf 77' lang='lat'><strong>¹⁰)</strong></span> <span class='ocrx_word' id='word_1_237' title='bbox 1018 2995 1251 3080; x_wconf 87' lang='lat' dir='ltr'><strong>pronuntiavit.</strong></span> <span class='ocrx_word' id='word_1_238' title='bbox 1286 2995 1394 3059; x_wconf 81' lang='lat' dir='ltr'><strong>Etiam</strong></span> <span class='ocrx_word' id='word_1_239' title='bbox 1416 2995 1543 3082; x_wconf 88' lang='lat' dir='ltr'><strong>reliqua</strong></span> 
     </span>
     <span class='ocr_line' id='line_1_25' title="bbox 262 3098 1542 3188; baseline 0 -23"><span class='ocrx_word' id='word_1_240' title='bbox 262 3101 328 3166; x_wconf 92' lang='lat' dir='ltr'><strong>huc</strong></span> <span class='ocrx_word' id='word_1_241' title='bbox 350 3101 545 3188; x_wconf 86' lang='lat' dir='ltr'><strong>pertinentia</strong></span> <span class='ocrx_word' id='word_1_242' title='bbox 571 3122 645 3164; x_wconf 90' lang='lat' dir='ltr'><strong>cum</strong></span> <span class='ocrx_word' id='word_1_243' title='bbox 669 3098 790 3164; x_wconf 85' lang='lat' dir='ltr'><strong>Albino</strong></span> <span class='ocrx_word' id='word_1_244' title='bbox 813 3102 844 3164; x_wconf 89' lang='lat' dir='ltr'><strong>ei</strong></span> <span class='ocrx_word' id='word_1_245' title='bbox 869 3101 1053 3164; x_wconf 87' lang='lat' dir='ltr'><strong>communia</strong></span> <span class='ocrx_word' id='word_1_246' title='bbox 1077 3110 1160 3172; x_wconf 81' lang='lat' dir='ltr'><strong>sunt</strong></span> <span class='ocrx_word' id='word_1_247' title='bbox 1184 3102 1278 3166; x_wconf 85' lang='lat' dir='ltr'><strong>cuius</strong></span> <span class='ocrx_word' id='word_1_248' title='bbox 1301 3103 1404 3167; x_wconf 85' lang='lat' dir='ltr'><strong>verba</strong></span> <span class='ocrx_word' id='word_1_249' title='bbox 1425 3103 1542 3176; x_wconf 79' lang='grc' dir='ltr'>πάντως</span> 
     </span>
     <span class='ocr_line' id='line_1_26' title="bbox 262 3200 1541 3295; baseline 0 -22"><span class='ocrx_word' id='word_1_250' title='bbox 262 3215 431 3283; x_wconf 81' lang='grc' dir='ltr'>ὁτοιοῢτος</span> <span class='ocrx_word' id='word_1_251' title='bbox 454 3200 638 3295; x_wconf 71' lang='grc' dir='ltr'>ἐξηπάτηται</span> <span class='ocrx_word' id='word_1_252' title='bbox 648 3211 687 3289; x_wconf 83' lang='lat'><strong>¹1)</strong></span> <span class='ocrx_word' id='word_1_253' title='bbox 717 3207 838 3272; x_wconf 89' lang='lat' dir='ltr'><strong>iniuste</strong></span> <span class='ocrx_word' id='word_1_254' title='bbox 861 3230 881 3270; x_wconf 92' lang='lat' dir='ltr'><strong>a</strong></span> <span class='ocrx_word' id='word_1_255' title='bbox 903 3208 938 3274; x_wconf 82' lang='grc' dir='ltr'><strong>Ο.</strong></span> <span class='ocrx_word' id='word_1_256' title='bbox 970 3208 1005 3272; x_wconf 84' lang='lat' dir='ltr'><strong>F.</strong></span> <span class='ocrx_word' id='word_1_257' title='bbox 1039 3208 1227 3271; x_wconf 88' lang='lat' dir='ltr'><strong>Hermanno</strong></span> <span class='ocrx_word' id='word_1_258' title='bbox 1258 3209 1352 3272; x_wconf 90' lang='lat' dir='ltr'><strong>uncis</strong></span> <span class='ocrx_word' id='word_1_259' title='bbox 1375 3209 1541 3294; x_wconf 81' lang='lat' dir='ltr'><strong>quadratis</strong></span> 
     </span>
     <span class='ocr_line' id='line_1_27' title="bbox 262 3313 1541 3401; baseline 0.001 -22"><span class='ocrx_word' id='word_1_260' title='bbox 262 3315 391 3380; x_wconf 90' lang='lat' dir='ltr'><strong>inclusa</strong></span> <span class='ocrx_word' id='word_1_261' title='bbox 414 3338 485 3379; x_wconf 87' lang='lat' dir='ltr'><strong>csse</strong></span> <span class='ocrx_word' id='word_1_262' title='bbox 509 3316 602 3380; x_wconf 89' lang='lat' dir='ltr'><strong>docet</strong></span> <span class='ocrx_word' id='word_1_263' title='bbox 625 3313 785 3401; x_wconf 85' lang='lat' dir='ltr'><strong>Apuleius</strong></span> <span class='ocrx_word' id='word_1_264' title='bbox 810 3314 968 3378; x_wconf 86' lang='lat' dir='ltr'><strong>scribens:</strong></span> <span class='ocrx_word' id='word_1_265' title='bbox 996 3314 1381 3401; x_wconf 82' lang='lat' dir='ltr'><strong>,deceptuserrore“12).</strong></span> <span class='ocrx_word' id='word_1_266' title='bbox 1405 3317 1456 3380; x_wconf 89' lang='lat' dir='ltr'><strong>De</strong></span> <span class='ocrx_word' id='word_1_267' title='bbox 1479 3316 1541 3380; x_wconf 91' lang='lat' dir='ltr'><strong>boc</strong></span> 
     </span>
     <span class='ocr_line' id='line_1_28' title="bbox 263 3422 1544 3509; baseline -0.001 -20"><span class='ocrx_word' id='word_1_268' title='bbox 263 3446 372 3489; x_wconf 86' lang='lat' dir='ltr'><strong>errore</strong></span> <span class='ocrx_word' id='word_1_269' title='bbox 395 3424 429 3487; x_wconf 93' lang='lat' dir='ltr'><strong>in</strong></span> <span class='ocrx_word' id='word_1_270' title='bbox 453 3422 547 3486; x_wconf 88' lang='lat' dir='ltr'><strong>malis</strong></span> <span class='ocrx_word' id='word_1_271' title='bbox 571 3422 741 3508; x_wconf 80' lang='lat' dir='ltr'><strong>eligendis,</strong></span> <span class='ocrx_word' id='word_1_272' title='bbox 764 3444 841 3487; x_wconf 92' lang='lat' dir='ltr'><strong>cum</strong></span> <span class='ocrx_word' id='word_1_273' title='bbox 855 3423 980 3507; x_wconf 85' lang='lat' dir='ltr'><strong>potiora</strong></span> <span class='ocrx_word' id='word_1_274' title='bbox 994 3433 1123 3508; x_wconf 88' lang='lat' dir='ltr'><strong>praesto</strong></span> <span class='ocrx_word' id='word_1_275' title='bbox 1147 3423 1219 3500; x_wconf 83' lang='lat' dir='ltr'><strong>sint,</strong></span> <span class='ocrx_word' id='word_1_276' title='bbox 1237 3422 1384 3508; x_wconf 89' lang='lat' dir='ltr'><strong>pluribus</strong></span> <span class='ocrx_word' id='word_1_277' title='bbox 1401 3423 1544 3509; x_wconf 88' lang='lat' dir='ltr'><strong>disputat</strong></span> 
     </span>
     <span class='ocr_line' id='line_1_29' title="bbox 264 3529 1543 3618; baseline 0.001 -25"><span class='ocrx_word' id='word_1_278' title='bbox 264 3530 421 3618; x_wconf 81' lang='lat' dir='ltr'><strong>Apuleius</strong></span> <span class='ocrx_word' id='word_1_279' title='bbox 434 3533 470 3609; x_wconf 82' lang='lat'><strong>¹⁸)</strong></span> <span class='ocrx_word' id='word_1_280' title='bbox 494 3552 559 3593; x_wconf 92' lang='lat' dir='ltr'><strong>non</strong></span> <span class='ocrx_word' id='word_1_281' title='bbox 583 3529 702 3593; x_wconf 88' lang='lat' dir='ltr'><strong>oblitus</strong></span> <span class='ocrx_word' id='word_1_282' title='bbox 725 3551 847 3614; x_wconf 89' lang='lat' dir='ltr'><strong>eorum,</strong></span> <span class='ocrx_word' id='word_1_283' title='bbox 870 3552 953 3614; x_wconf 88' lang='lat' dir='ltr'><strong>quae</strong></span> <span class='ocrx_word' id='word_1_284' title='bbox 976 3529 1012 3593; x_wconf 90' lang='lat' dir='ltr'><strong>in</strong></span> <span class='ocrx_word' id='word_1_285' title='bbox 1035 3531 1212 3613; x_wconf 85' lang='lat' dir='ltr'><strong>Protagora</strong></span> <span class='ocrx_word' id='word_1_286' title='bbox 1223 3532 1262 3611; x_wconf 70' lang='grc'><strong>14)</strong></span> <span class='ocrx_word' id='word_1_287' title='bbox 1293 3529 1333 3593; x_wconf 91' lang='lat' dir='ltr'><strong>de</strong></span> <span class='ocrx_word' id='word_1_288' title='bbox 1356 3530 1543 3594; x_wconf 89' lang='lat' dir='ltr'><strong>morborum</strong></span> 
     </span>
     <span class='ocr_line' id='line_1_30' title="bbox 264 3635 1543 3724; baseline -0.001 -23"><span class='ocrx_word' id='word_1_289' title='bbox 264 3648 296 3701; x_wconf 86' lang='lat' dir='ltr'><strong>et</strong></span> <span class='ocrx_word' id='word_1_290' title='bbox 318 3637 516 3724; x_wconf 87' lang='lat' dir='ltr'><strong>paupertatis</strong></span> <span class='ocrx_word' id='word_1_291' title='bbox 540 3637 763 3700; x_wconf 87' lang='lat' dir='ltr'><strong>aestimatione</strong></span> <span class='ocrx_word' id='word_1_292' title='bbox 786 3635 874 3700; x_wconf 88' lang='lat' dir='ltr'><strong>dicta</strong></span> <span class='ocrx_word' id='word_1_293' title='bbox 898 3648 981 3700; x_wconf 90' lang='lat' dir='ltr'><strong>sunt.</strong></span> <span class='ocrx_word' id='word_1_294' title='bbox 1028 3637 1137 3700; x_wconf 82' lang='lat' dir='ltr'><strong>Etiam</strong></span> <span class='ocrx_word' id='word_1_295' title='bbox 1159 3635 1221 3700; x_wconf 87' lang='lat' dir='ltr'><strong>hac</strong></span> <span class='ocrx_word' id='word_1_296' title='bbox 1244 3638 1278 3698; x_wconf 92' lang='lat' dir='ltr'><strong>in</strong></span> <span class='ocrx_word' id='word_1_297' title='bbox 1303 3648 1393 3721; x_wconf 88' lang='lat' dir='ltr'><strong>parte</strong></span> <span class='ocrx_word' id='word_1_298' title='bbox 1424 3637 1543 3723; x_wconf 81' lang='lat' dir='ltr'><strong>Apulei</strong></span> 
     </span>
     <span class='ocr_line' id='line_1_31' title="bbox 264 3742 1543 3830; baseline -0.001 -23"><span class='ocrx_word' id='word_1_299' title='bbox 264 3745 366 3809; x_wconf 84' lang='lat' dir='ltr'><strong>verba</strong></span> <span class='ocrx_word' id='word_1_300' title='bbox 389 3743 472 3808; x_wconf 89' lang='lat' dir='ltr'><strong>male</strong></span> <span class='ocrx_word' id='word_1_301' title='bbox 504 3766 523 3806; x_wconf 89' lang='lat' dir='ltr'><strong>a</strong></span> <span class='ocrx_word' id='word_1_302' title='bbox 554 3742 781 3809; x_wconf 78' lang='lat' dir='ltr'><strong>Goldbachero</strong></span> <span class='ocrx_word' id='word_1_303' title='bbox 812 3754 950 3808; x_wconf 87' lang='lat' dir='ltr'><strong>tractata</strong></span> <span class='ocrx_word' id='word_1_304' title='bbox 981 3744 1181 3808; x_wconf 88' lang='lat' dir='ltr'><strong>correctione</strong></span> <span class='ocrx_word' id='word_1_305' title='bbox 1204 3755 1308 3828; x_wconf 86' lang='lat' dir='ltr'><strong>egent.</strong></span> <span class='ocrx_word' id='word_1_306' title='bbox 1354 3745 1388 3807; x_wconf 92' lang='lat' dir='ltr'><strong>Is</strong></span> <span class='ocrx_word' id='word_1_307' title='bbox 1412 3745 1543 3830; x_wconf 88' lang='lat' dir='ltr'><strong>quidem</strong></span> 
     </span>
     <span class='ocr_line' id='line_1_32' title="bbox 264 3849 1543 3937; baseline 0 -24"><span class='ocrx_word' id='word_1_308' title='bbox 264 3852 334 3914; x_wconf 89' lang='lat' dir='ltr'><strong>sine</strong></span> <span class='ocrx_word' id='word_1_309' title='bbox 357 3850 549 3916; x_wconf 87' lang='lat' dir='ltr'><strong>necessitate</strong></span> <span class='ocrx_word' id='word_1_310' title='bbox 572 3849 721 3914; x_wconf 90' lang='lat' dir='ltr'><strong>codicum</strong></span> <span class='ocrx_word' id='word_1_311' title='bbox 738 3849 924 3914; x_wconf 91' lang='lat' dir='ltr'><strong>lectionem:</strong></span> <span class='ocrx_word' id='word_1_312' title='bbox 951 3850 1049 3937; x_wconf 86' lang='lat' dir='ltr'><strong>,quid</strong></span> <span class='ocrx_word' id='word_1_313' title='bbox 1072 3851 1260 3935; x_wconf 89' lang='lat' dir='ltr'><strong>pauperiem</strong></span> <span class='ocrx_word' id='word_1_314' title='bbox 1284 3873 1323 3914; x_wconf 89' lang='lat' dir='ltr'><strong>ac</strong></span> <span class='ocrx_word' id='word_1_315' title='bbox 1339 3850 1470 3914; x_wconf 86' lang='lat' dir='ltr'><strong>divitias</strong></span> <span class='ocrx_word' id='word_1_316' title='bbox 1493 3851 1543 3913; x_wconf 90' lang='lat' dir='ltr'><strong>in-</strong></span> 
     </span>
     <span class='ocr_line' id='line_1_33' title="bbox 265 3955 1544 4043; baseline -0.002 -22"><span class='ocrx_word' id='word_1_317' title='bbox 265 3957 375 4022; x_wconf 76' lang='lat' dir='ltr'><strong>tersit“</strong></span> <span class='ocrx_word' id='word_1_318' title='bbox 411 3958 590 4042; x_wconf 85' lang='lat' dir='ltr'><strong>temptavit,</strong></span> <span class='ocrx_word' id='word_1_319' title='bbox 621 3955 737 4020; x_wconf 89' lang='lat' dir='ltr'><strong>falsam</strong></span> <span class='ocrx_word' id='word_1_320' title='bbox 768 3955 941 4022; x_wconf 87' lang='lat' dir='ltr'><strong>lectionem</strong></span> <span class='ocrx_word' id='word_1_321' title='bbox 975 3956 1185 4042; x_wconf 84' lang='lat' dir='ltr'><strong>,corporum“</strong></span> <span class='ocrx_word' id='word_1_322' title='bbox 1219 3956 1375 4021; x_wconf 86' lang='lat' dir='ltr'><strong>intactam</strong></span> <span class='ocrx_word' id='word_1_323' title='bbox 1405 3957 1544 4043; x_wconf 83' lang='lat' dir='ltr'><strong>reliquit,</strong></span> 
     </span>
     <span class='ocr_line' id='line_1_34' title="bbox 265 4063 1544 4150; baseline -0.002 -22"><span class='ocrx_word' id='word_1_324' title='bbox 265 4086 340 4128; x_wconf 94' lang='lat' dir='ltr'><strong>cum</strong></span> <span class='ocrx_word' id='word_1_325' title='bbox 363 4085 406 4128; x_wconf 84' lang='lat' dir='ltr'><strong>ex</strong></span> <span class='ocrx_word' id='word_1_326' title='bbox 428 4063 540 4127; x_wconf 89' lang='lat' dir='ltr'><strong>Albini</strong></span> <span class='ocrx_word' id='word_1_327' title='bbox 564 4063 698 4150; x_wconf 82' lang='grc' dir='ltr'>σώματος</span> <span class='ocrx_word' id='word_1_328' title='bbox 720 4065 804 4150; x_wconf 82' lang='grc' dir='ltr'>ὑγεία</span> <span class='ocrx_word' id='word_1_329' title='bbox 828 4063 1026 4148; x_wconf 90' lang='lat' dir='ltr'><strong>corporis</strong></span> <span class='ocrx_word' id='word_1_330' title='bbox 1051 4063 1173 4126; x_wconf 86' lang='lat' dir='ltr'><strong>sanitas</strong></span> <span class='ocrx_word' id='word_1_331' title='bbox 1189 4063 1390 4127; x_wconf 90' lang='lat' dir='ltr'><strong>restituenda</strong></span> <span class='ocrx_word' id='word_1_332' title='bbox 1413 4064 1463 4148; x_wconf 90' lang='lat' dir='ltr'><strong>sit,</strong></span> <span class='ocrx_word' id='word_1_333' title='bbox 1481 4086 1544 4149; x_wconf 92' lang='lat' dir='ltr'><strong>qua</strong></span> 
     </span>
     <span class='ocr_line' id='line_1_35' title="bbox 265 4168 1545 4257; baseline -0.001 -22"><span class='ocrx_word' id='word_1_334' title='bbox 265 4181 398 4257; x_wconf 87' lang='lat' dir='ltr'><strong>accepta</strong></span> <span class='ocrx_word' id='word_1_335' title='bbox 421 4169 503 4232; x_wconf 89' lang='lat' dir='ltr'><strong>illud</strong></span> <span class='ocrx_word' id='word_1_336' title='bbox 529 4181 718 4256; x_wconf 87' lang='lat' dir='ltr'><strong>,ceteraque</strong></span> <span class='ocrx_word' id='word_1_337' title='bbox 742 4171 833 4234; x_wconf 89' lang='lat' dir='ltr'><strong>eius</strong></span> <span class='ocrx_word' id='word_1_338' title='bbox 857 4168 943 4233; x_wconf 89' lang='lat' dir='ltr'><strong>bona</strong></span> <span class='ocrx_word' id='word_1_339' title='bbox 965 4169 1127 4233; x_wconf 81' lang='lat' dir='ltr'><strong>extraria“</strong></span> <span class='ocrx_word' id='word_1_340' title='bbox 1159 4168 1258 4235; x_wconf 91' lang='lat' dir='ltr'><strong>habet</strong></span> <span class='ocrx_word' id='word_1_341' title='bbox 1288 4193 1351 4256; x_wconf 94' lang='lat' dir='ltr'><strong>quo</strong></span> <span class='ocrx_word' id='word_1_342' title='bbox 1374 4170 1545 4255; x_wconf 87' lang='lat' dir='ltr'><strong>referatur,</strong></span> 
     </span>
     <span class='ocr_line' id='line_1_36' title="bbox 265 4275 1544 4363; baseline 0 -22"><span class='ocrx_word' id='word_1_343' title='bbox 265 4288 301 4341; x_wconf 90' lang='lat' dir='ltr'><strong>ut</strong></span> <span class='ocrx_word' id='word_1_344' title='bbox 324 4289 355 4341; x_wconf 93' lang='lat' dir='ltr'><strong>et</strong></span> <span class='ocrx_word' id='word_1_345' title='bbox 378 4276 516 4341; x_wconf 84' lang='lat' dir='ltr'><strong>alterum</strong></span> <span class='ocrx_word' id='word_1_346' title='bbox 544 4277 656 4362; x_wconf 85' lang='lat' dir='ltr'><strong>,eius</strong></span> <span class='ocrx_word' id='word_1_347' title='bbox 681 4277 808 4357; x_wconf 83' lang='lat' dir='ltr'><strong>usum“,</strong></span> <span class='ocrx_word' id='word_1_348' title='bbox 832 4277 896 4340; x_wconf 89' lang='lat' dir='ltr'><strong>nisi</strong></span> <span class='ocrx_word' id='word_1_349' title='bbox 919 4275 980 4339; x_wconf 94' lang='lat' dir='ltr'><strong>hoc</strong></span> <span class='ocrx_word' id='word_1_350' title='bbox 1003 4275 1073 4340; x_wconf 88' lang='lat' dir='ltr'><strong>loco</strong></span> <span class='ocrx_word' id='word_1_351' title='bbox 1093 4277 1343 4363; x_wconf 82' lang='lat' dir='ltr'><strong>,eiusmodi“</strong></span> <span class='ocrx_word' id='word_1_352' title='bbox 1369 4278 1475 4361; x_wconf 89' lang='lat' dir='ltr'><strong>potius</strong></span> <span class='ocrx_word' id='word_1_353' title='bbox 1498 4275 1544 4341; x_wconf 86' lang='lat' dir='ltr'><strong>la-</strong></span> 
     </span>
    </p>
   </div>
   <div class='ocr_carea' id='block_1_3' title="bbox 266 4454 1546 4792">
    <p class='ocr_par' dir='ltr' id='par_1_4' title="bbox 266 4454 1546 4792">
     <span class='ocr_line' id='line_1_37' title="bbox 375 4454 1545 4523; baseline 0 -14"><span class='ocrx_word' id='word_1_354' title='bbox 375 4456 393 4522; x_wconf 72' lang='grc' dir='ltr'><strong>ι)</strong></span> <span class='ocrx_word' id='word_1_355' title='bbox 413 4455 501 4521; x_wconf 67' lang='lat' dir='ltr'><strong>pst,</strong></span> <span class='ocrx_word' id='word_1_356' title='bbox 522 4456 555 4508; x_wconf 89' lang='lat'><strong>17</strong></span> <span class='ocrx_word' id='word_1_357' title='bbox 575 4473 631 4523; x_wconf 91' lang='lat' dir='ltr'><strong>sqq.</strong></span> <span class='ocrx_word' id='word_1_358' title='bbox 706 4454 769 4522; x_wconf 80' lang='lat' dir='ltr'><strong>⁷)p.</strong></span> <span class='ocrx_word' id='word_1_359' title='bbox 789 4454 832 4519; x_wconf 88' lang='lat'><strong>88,</strong></span> <span class='ocrx_word' id='word_1_360' title='bbox 853 4455 869 4507; x_wconf 90' lang='grc'>9</span> <span class='ocrx_word' id='word_1_361' title='bbox 888 4472 944 4521; x_wconf 83' lang='lat' dir='ltr'><strong>sqq.</strong></span> <span class='ocrx_word' id='word_1_362' title='bbox 1018 4454 1081 4521; x_wconf 82' lang='lat' dir='ltr'><strong>³)p.</strong></span> <span class='ocrx_word' id='word_1_363' title='bbox 1101 4454 1145 4519; x_wconf 89' lang='grc'><strong>88,</strong></span> <span class='ocrx_word' id='word_1_364' title='bbox 1165 4454 1289 4508; x_wconf 81' lang='grc'>12-25</span> <span class='ocrx_word' id='word_1_365' title='bbox 1308 4459 1342 4508; x_wconf 84' lang='lat' dir='ltr'><strong>cf.</strong></span> <span class='ocrx_word' id='word_1_366' title='bbox 1363 4473 1387 4521; x_wconf 94' lang='lat' dir='ltr'><strong>p.</strong></span> <span class='ocrx_word' id='word_1_367' title='bbox 1407 4455 1449 4509; x_wconf 88' lang='grc'><strong>81.</strong></span> <span class='ocrx_word' id='word_1_368' title='bbox 1522 4454 1545 4519; x_wconf 76' lang='lat'><strong>⁴)</strong></span> 
     </span>
     <span class='ocr_line' id='line_1_38' title="bbox 266 4537 1546 4614; baseline 0.003 -20"><span class='ocrx_word' id='word_1_369' title='bbox 266 4546 325 4597; x_wconf 84' lang='lat' dir='ltr'><strong>Alb.</strong></span> <span class='ocrx_word' id='word_1_370' title='bbox 345 4562 370 4610; x_wconf 88' lang='lat' dir='ltr'><strong>p.</strong></span> <span class='ocrx_word' id='word_1_371' title='bbox 389 4545 431 4611; x_wconf 85' lang='grc'><strong>43,</strong></span> <span class='ocrx_word' id='word_1_372' title='bbox 452 4546 476 4598; x_wconf 84' lang='grc'><strong>2.</strong></span> <span class='ocrx_word' id='word_1_373' title='bbox 550 4544 570 4608; x_wconf 77' lang='lat'><strong>⁵)</strong></span> <span class='ocrx_word' id='word_1_374' title='bbox 589 4564 613 4611; x_wconf 89' lang='lat' dir='ltr'><strong>p.</strong></span> <span class='ocrx_word' id='word_1_375' title='bbox 633 4547 676 4610; x_wconf 88' lang='grc'><strong>37,</strong></span> <span class='ocrx_word' id='word_1_376' title='bbox 696 4543 731 4598; x_wconf 89' lang='grc'><strong>14</strong></span> <span class='ocrx_word' id='word_1_377' title='bbox 756 4537 806 4595; x_wconf 78' lang='grc' dir='ltr'>οἷον</span> <span class='ocrx_word' id='word_1_378' title='bbox 824 4543 971 4596; x_wconf 85' lang='grc' dir='ltr'>πλοῦτον...</span> <span class='ocrx_word' id='word_1_379' title='bbox 1000 4543 1042 4596; x_wconf 76' lang='grc' dir='ltr'><strong>καί</strong></span> <span class='ocrx_word' id='word_1_380' title='bbox 1067 4543 1178 4614; x_wconf 75' lang='grc' dir='ltr'>σώματος</span> <span class='ocrx_word' id='word_1_381' title='bbox 1202 4543 1278 4613; x_wconf 77' lang='grc' dir='ltr'>ὑγείαν</span> <span class='ocrx_word' id='word_1_382' title='bbox 1303 4543 1346 4596; x_wconf 73' lang='grc' dir='ltr'><strong>καί</strong></span> <span class='ocrx_word' id='word_1_383' title='bbox 1369 4544 1546 4611; x_wconf 75' lang='grc' dir='ltr'>εὐρωστίαν...</span> 
     </span>
     <span class='ocr_line' id='line_1_39' title="bbox 268 4632 1545 4704; baseline 0.001 -18"><span class='ocrx_word' id='word_1_384' title='bbox 268 4632 332 4700; x_wconf 74' lang='lat' dir='ltr'><strong>⁰)p.</strong></span> <span class='ocrx_word' id='word_1_385' title='bbox 352 4633 395 4698; x_wconf 89' lang='lat'><strong>88,</strong></span> <span class='ocrx_word' id='word_1_386' title='bbox 415 4633 457 4687; x_wconf 83' lang='lat'><strong>22.</strong></span> <span class='ocrx_word' id='word_1_387' title='bbox 477 4635 519 4688; x_wconf 81' lang='lat'><strong>27.</strong></span> <span class='ocrx_word' id='word_1_388' title='bbox 596 4633 656 4704; x_wconf 81' lang='lat' dir='ltr'><strong>⁷)e.</strong></span> <span class='ocrx_word' id='word_1_389' title='bbox 676 4635 718 4688; x_wconf 80' lang='lat'><strong>31.</strong></span> <span class='ocrx_word' id='word_1_390' title='bbox 793 4633 814 4698; x_wconf 82' lang='lat'><strong>⁸)</strong></span> <span class='ocrx_word' id='word_1_391' title='bbox 833 4651 858 4700; x_wconf 89' lang='lat' dir='ltr'><strong>p.</strong></span> <span class='ocrx_word' id='word_1_392' title='bbox 877 4634 920 4698; x_wconf 92' lang='grc'><strong>88,</strong></span> <span class='ocrx_word' id='word_1_393' title='bbox 940 4633 975 4686; x_wconf 82' lang='lat'><strong>29</strong></span> <span class='ocrx_word' id='word_1_394' title='bbox 994 4651 1051 4701; x_wconf 84' lang='lat' dir='ltr'><strong>sqq.</strong></span> <span class='ocrx_word' id='word_1_395' title='bbox 1107 4633 1127 4702; x_wconf 81' lang='grc'><strong>9)</strong></span> <span class='ocrx_word' id='word_1_396' title='bbox 1146 4651 1186 4700; x_wconf 90' lang='lat' dir='ltr'><strong>rp.</strong></span> <span class='ocrx_word' id='word_1_397' title='bbox 1205 4635 1238 4698; x_wconf 83' lang='lat' dir='ltr'><strong>X,</strong></span> <span class='ocrx_word' id='word_1_398' title='bbox 1257 4633 1310 4686; x_wconf 81' lang='lat'><strong>617</strong></span> <span class='ocrx_word' id='word_1_399' title='bbox 1329 4638 1359 4686; x_wconf 83' lang='grc' dir='ltr'><strong>Ε.</strong></span> <span class='ocrx_word' id='word_1_400' title='bbox 1435 4633 1465 4701; x_wconf 85' lang='lat'><strong>¹⁰)</strong></span> <span class='ocrx_word' id='word_1_401' title='bbox 1484 4636 1545 4688; x_wconf 84' lang='lat' dir='ltr'><strong>Alb.</strong></span> 
     </span>
     <span class='ocr_line' id='line_1_40' title="bbox 267 4722 1497 4792; baseline 0.001 -17"><span class='ocrx_word' id='word_1_402' title='bbox 267 4740 291 4787; x_wconf 89' lang='lat' dir='ltr'><strong>p.</strong></span> <span class='ocrx_word' id='word_1_403' title='bbox 311 4722 354 4788; x_wconf 77' lang='lat'><strong>40,</strong></span> <span class='ocrx_word' id='word_1_404' title='bbox 373 4722 415 4775; x_wconf 82' lang='lat'><strong>36.</strong></span> <span class='ocrx_word' id='word_1_405' title='bbox 490 4723 522 4792; x_wconf 83' lang='lat'><strong>¹¹)</strong></span> <span class='ocrx_word' id='word_1_406' title='bbox 540 4742 564 4789; x_wconf 91' lang='lat' dir='ltr'><strong>p.</strong></span> <span class='ocrx_word' id='word_1_407' title='bbox 584 4723 627 4789; x_wconf 88' lang='grc'><strong>41,</strong></span> <span class='ocrx_word' id='word_1_408' title='bbox 646 4725 671 4777; x_wconf 87' lang='grc'><strong>3.</strong></span> <span class='ocrx_word' id='word_1_409' title='bbox 747 4723 777 4792; x_wconf 84' lang='lat'><strong>¹²)</strong></span> <span class='ocrx_word' id='word_1_410' title='bbox 796 4742 821 4791; x_wconf 88' lang='lat' dir='ltr'><strong>p.</strong></span> <span class='ocrx_word' id='word_1_411' title='bbox 840 4723 885 4788; x_wconf 88' lang='grc'><strong>89,</strong></span> <span class='ocrx_word' id='word_1_412' title='bbox 904 4723 928 4776; x_wconf 85' lang='grc'><strong>6.</strong></span> <span class='ocrx_word' id='word_1_413' title='bbox 1003 4723 1034 4791; x_wconf 72' lang='grc'><strong>1’)</strong></span> <span class='ocrx_word' id='word_1_414' title='bbox 1054 4726 1089 4774; x_wconf 87' lang='lat' dir='ltr'><strong>ib.</strong></span> <span class='ocrx_word' id='word_1_415' title='bbox 1110 4740 1133 4776; x_wconf 87' lang='lat' dir='ltr'><strong>v.</strong></span> <span class='ocrx_word' id='word_1_416' title='bbox 1153 4724 1169 4775; x_wconf 92' lang='lat'>7</span> <span class='ocrx_word' id='word_1_417' title='bbox 1189 4739 1244 4789; x_wconf 87' lang='lat' dir='ltr'><strong>sqq.</strong></span> <span class='ocrx_word' id='word_1_418' title='bbox 1320 4723 1350 4790; x_wconf 83' lang='lat'><strong>¹⁴)</strong></span> <span class='ocrx_word' id='word_1_419' title='bbox 1369 4723 1422 4777; x_wconf 77' lang='lat'><strong>354</strong></span> <span class='ocrx_word' id='word_1_420' title='bbox 1441 4740 1497 4790; x_wconf 87' lang='lat' dir='ltr'><strong>sqq.</strong></span> 
     </span>
    </p>
   </div>
   <div class='ocr_carea' id='block_1_4' title="bbox 0 0 1815 5460">
    <p class='ocr_par' dir='ltr' id='par_1_5' title="bbox 0 0 1815 5460">
     <span class='ocr_line' id='line_1_41' title="bbox 0 0 1815 5460; baseline 0 0"><span class='ocrx_word' id='word_1_421' title='bbox 0 0 1815 5460; x_wconf 95' lang='lat' dir='ltr'><strong> </strong></span> 
     </span>
    </p>
   </div>
  </div>
 </body>
</html>
