3608 5460
257 421 301 484 46
750 445 933 486 reinnerus
954 445 1043 486 6111116
1468 419 1544 491 11741

259 631 360 695 animi
384 631 454 696 eius
477 631 587 696 oculos
612 633 744 715 steterit,
767 655 865 718 quam
888 655 972 719 quae
995 655 1094 719 supra
1125 655 1142 697 e
1165 633 1223 700 Oai
1247 632 1442 699 lectionibus
1465 635 1545 700 ficta

259 749 314 803 est.
339 739 410 802 Iam
434 737 582 802 conferas
606 737 696 802 illam
729 740 922 804 sententiam
954 739 1154 804 confusionis
1178 739 1306 828 plenam
1330 741 1372 827 (p.
1397 743 1448 827 72,
1471 743 1544 822 ab:

263 845 401 931 „exinde
424 844 593 910 elementis
616 847 726 910 omnia
750 867 788 910 ac
810 847 981 933 principiis
997 849 1163 933 occupari:
1187 848 1296 933 ignem
1316 860 1390 912 ante
1406 848 1471 913 alia
1487 871 1544 913 su-

259 953 419 1038 periorem
444 974 522 1035 6666,
546 974 623 1015 111611
638 953 722 1017 aeris
746 952 863 1038 locum,
879 954 956 1017 hinc
979 976 1081 1040 aquae
1106 956 1290 1040 proximum
1315 966 1346 1019 et
1370 969 1448 1019 tunc
1470 954 1545 1042 glo-

259 1058 337 1122 bum
361 1069 466 1122 terrae
489 1060 524 1122 in
540 1059 646 1123 medio
662 1059 792 1146 situm“‚
815 1059 969 1126 cumbae
992 1067 1034 1147 (p.
1060 1062 1133 1146 122,
1158 1064 1225 1141 ili:
1253 1061 1375 1148 „libera
1397 1062 1545 1127 elemen-

258 1175 365 1229 torum
389 1167 578 1252 substantia,
600 1167 696 1252 ignis,
718 1189 829 1253 aquae,
845 1169 939 1250 aeris,
960 1179 1075 1254 terrae,
1097 1190 1139 1233 ex
1162 1168 1281 1254 quibus
1306 1167 1402 1232 huius
1426 1168 1544 1255 sphae-

260 1296 316 1338 rae
341 1295 488 1338 convexa
511 1283 543 1338 et
567 1273 751 1361 disparibus
784 1272 994 1360 qualitatibus
1018 1286 1154 1341 naturae
1182 1275 1327 1353 conflata,
1352 1275 1469 1340 adacta
1492 1285 1544 1340 est

261 1380 356 1445 fateri
387 1380 627 1466 concordiam“,
658 1393 693 1445 ut
722 1381 883 1466 omnibus,
913 1404 996 1467 quae
1026 1381 1133 1446 adhuc
1157 1380 1254 1446 allata
1278 1393 1353 1446 sunt
1375 1383 1545 1469 respectis,

261 1486 499 1574 Kawczyriskii
523 1486 730 1574 amplectaris
755 1489 948 1552 sententiam
960 1487 983 1572 1)
1014 1487 1161 1554 libellum
1194 1487 1234 1553 (16
1267 1489 1388 1552 mundo
1412 1488 1543 1576 supple-

260 1604 405 1658 mentum
429 1593 591 1680 quoddam
624 1616 695 1658 6666
718 1594 760 1658 ad
782 1596 920 1680 primam
946 1606 1069 1681 partem
1099 1595 1321 1682 philosophiae
1344 1595 1543 1660 Platonicae.

261 1700 351 1767 anli
375 1699 465 1765 chori
489 1723 530 1766 ne
553 1712 623 1765 tum
646 1702 778 1787 quidem
804 1702 923 1766 oblitus
943 1713 992 1766 est
1014 1703 1182 1790 Apuleius,
1207 1724 1281 1766 cum
1304 1716 1413 1766 orator
1435 1700 1543 1790 philo-

262 1807 400 1893 sophans
416 1809 450 1871 in
463 1807 577 1872 Africa
590 1808 630 1872 de
644 1809 703 1872 deo
728 1808 870 1875 Socratis
886 1820 961 1873 ante
977 1806 1142 1874 auditores
1159 1810 1276 1874 multos
1300 1809 1498 1875 declamavit
1506 1809 1546 1895 ³).
1594 1818 1597 1825 '

261 1915 362 1982 Cuius
386 1914 632 1980 declamationis
649 1915 773 1980 indoles
798 1939 833 1980 ea
860 1938 930 1980 6666
953 1916 1094 2002 videtur,
1118 1927 1154 1980 ut
1169 1917 1338 1982 doctrinae
1353 1915 1544 1981 Platonicae

262 2023 397 2086 scientia
421 2021 557 2087 eandem
581 2022 703 2087 claram
727 2044 804 2108 prae
827 2045 861 2088 66
882 2022 966 2087 ferat
989 2022 1117 2109 faciem,
1140 2046 1235 2110 quam
1259 2024 1294 2087 in
1309 2023 1469 2110 Apologia
1493 2024 1544 2088 11-

262 2128 378 2193 dimus.
424 2128 496 2191 Non
528 2129 672 2193 Platonis
704 2129 823 2214 placita
848 2152 889 2193 ex
912 2130 1104 2216 compendio
1135 2129 1275 2216 quodam
1299 2129 1459 2216 decerpta,
1484 2129 1544 2194 sed

261 2236 406 2300 Platonis
438 2235 558 2320 dialogi
589 2234 771 2301 laudantur.
811 2237 923 2301 Unum
947 2236 1052 2301 solum
1083 2249 1283 2301 momentum
1306 2239 1339 2300 in
1363 2237 1544 2302 discrimen

262 2365 379 2408 vocare
401 2343 506 2407 liceat.
531 2342 624 2422 Quae
647 2343 728 2407 ratio
758 2342 939 2407 intercedat
970 2345 1054 2408 inter
1084 2343 1187 2407 fatum
1218 2365 1275 2408 seu
1306 2344 1543 2428 necessitatem,

262 2473 326 2535 qua
360 2449 506 2513 homines
537 2459 700 2534 regantur,
724 2451 812 2513 omni
843 2451 1070 2514 communione
1098 2472 1171 2514 cum
1196 2473 1320 2514 summo
1352 2451 1412 2515 deo
1443 2450 1544 2515 dene-

262 2567 345 2642 gata,
381 2569 411 2620 et
447 2556 686 2642 providentiam
721 2555 875 2640 divinam,
906 2559 951 2622 ita
982 2580 1081 2645 supra
1104 2562 1145 2644 (p.
1170 2559 1221 2641 73,
1248 2560 1288 2623 16
1313 2561 1392 2644 sqq.)
1415 2555 1544 2621 ostendi

262 2663 415 2747 vidimus
439 2674 475 2727 ut
497 2663 656 2749 Apuleius
687 2663 753 2728 fato
784 2675 815 2728 et
845 2663 1051 2749 providentia
1075 2665 1224 2750 definitis,
1247 2666 1347 2728 immo
1371 2663 1545 2749 distinctis,

263 2770 354 2834 nullo
377 2793 455 2834 usus
486 2781 702 2856 transgressu,
735 2771 775 2835 de
806 2771 1018 2837 daemonibus
1042 2771 1222 2858 disputaret
1245 2793 1421 2858 eorumque
1444 2771 1543 2835 mini-

265 2878 371 2941 sterio.
395 2877 465 2942 Iam
482 2900 565 2964 quae
587 2878 634 2942 ibi
651 2877 919 2954 desideravimus,
941 2878 1059 2964 quibus
1084 2880 1320 2964 argumentatio
1344 2877 1545 2964 suppleatur,

265 2984 319 3047 hic
343 2984 383 3069 (c.
407 2985 436 3048 6.
461 2986 494 3067 6)
518 2983 628 3048 multis
644 2984 755 3048 verbis
770 2985 816 3048 ita
832 2984 920 3049 clare
938 2984 1176 3070 describuntur,
1191 2996 1228 3048 ut
1242 2985 1402 3071 Apuleius
1419 2986 1545 3048 interea

263 3114 299 3155 16
322 3113 400 3155 vera
422 3090 509 3154 banc
540 3093 705 3156 materiem
734 3090 964 3155 difficillimam
989 3091 1273 3178 comprehendisse
1295 3091 1453 3156 videatur.
1500 3091 1544 3155 Et

265 3220 340 3262 eum
375 3197 466 3263 dicit:
512 3208 567 3282 „ut
609 3198 710 3283 possit
751 3197 858 3262 videri
889 3196 1015 3261 nullum
1054 3197 1175 3261 animal
1213 3199 1247 3261 in
1282 3198 1378 3262 terris
1412 3197 1544 3261 bomine

264 3306 477 3394 postremius“
515 3304 556 3389 (p.
593 3306 621 3389 8,
657 3306 711 3387 14)
746 3305 907 3390 respicere
938 3303 1070 3370 videtur
1099 3304 1190 3390 illud,
1229 3304 1315 3391 quod
1349 3304 1426 3367 olim
1461 3304 1544 3368 6611-

264 3414 340 3500 psit:
376 3414 541 3496 „omnium
572 3433 652 3476 vero
682 3422 885 3476 terrenorum
917 3410 998 3474 nihil
1029 3412 1160 3476 homine
1182 3410 1410 3497 praestabilius
1434 3412 1547 3497 provi-

264 3519 377 3583 dentia
408 3517 527 3583 dedita
559 3521 601 3604 (p.
627 3520 677 3603 74,
711 3518 773 3603 18).
798 3519 840 3582 Et
863 3518 949 3604 quod
973 3518 1052 3583 olim
1083 3520 1256 3583 e'limaeo
1281 3519 1335 3604 (28
1360 3517 1407 3600 O.)
1431 3520 1543 3583 vertit:

268 3628 381 3711 „cuius
405 3625 461 3711 (66.
486 3626 604 3689 summi
625 3625 689 3707 dei)
706 3636 854 3689 naturam
872 3625 1021 3690 invenire
1045 3625 1180 3691 difficile
1204 3635 1261 3710 661,
1285 3626 1312 3688 61
1335 3626 1469 3690 inventa
1493 3625 1544 3710 611,

264 3734 298 3796 111
322 3732 439 3797 multos
471 3754 542 3796 eam
567 3733 730 3797 enuntiari
754 3754 819 3795 non
841 3732 954 3818 posse“
983 3743 1023 3820 (p.
1048 3727 1106 3818 66,
1123 3734 1188 3818 25),
1211 3754 1300 3796 nunc
1322 3733 1369 3796 ita
1391 3732 1544 3818 explanat

266 3840 307 3926 (p.
332 3842 360 3913 7,
385 3841 453 3921 24);
479 3841 589 3925 „Plato
611 3841 773 3924 praedicat
801 3839 889 3903 hunc
912 3839 1016 3904 solum
1047 3840 1225 3904 maiestatis
1256 3838 1441 3904 incredibili
1464 3861 1544 3925 qua-

266 3945 341 4010 dam
363 3947 529 4011 nimietate
552 3957 584 4010 et
606 3945 762 4010 ineffabili
786 3969 851 4009 non
870 3968 964 4033 posse
983 3948 1120 4033 penuria
1135 3947 1293 4010 sermonis
1315 3945 1449 4010 humani
1465 3967 1545 4031 qua-

265 4053 317 4118 vis
340 4053 484 4117 oratione
509 4052 711 4143 velmodice
735 4052 996 4139 comprehendi“.
1028 4052 1101 4132 Qua
1124 4055 1158 4116 in
1188 4075 1224 4117 re
1254 4053 1367 4119 Albini
1397 4051 1482 4116 illud
1508 4053 1544 4116 in

264 4160 421 4223 memoria
435 4170 535 4225 tenet:
551 4159 750 4225 ineffabilem
766 4163 910 4248 (’ρρητον)
927 4182 997 4224 6666
1021 4158 1117 4224 deum
1133 4162 1175 4247 (p.
1192 4161 1244 4246 20,
1262 4163 1290 4224 7.
1315 4161 1377 4240 28).
1400 4159 1429 4224 Ε
1466 4181 1544 4224 cum

266 4265 392 4330 addidit
416 4265 531 4352 (ibina
565 4267 643 4350 „vix
673 4267 872 4352 sapientibus
896 4266 985 4350 11116,
1017 4289 1092 4331 oum
1116 4289 1150 4332 66
1173 4267 1285 4352 vigore
1309 4267 1419 4350 animi,
1441 4286 1544 4351 quan·

265 4382 335 4437 tum
358 4372 459 4457 1161111,
483 4394 502 4435 a
526 4394 659 4460 corpore
682 4383 899 4458 removerunt,
921 4372 1123 4438 intellectum
1146 4373 1243 4437 huius
1275 4372 1336 4457 dei,
1360 4372 1394 4436 id
1417 4393 1546 4458 quoque

266 4479 429 4544 interdum
461 4479 551 4544 velut
583 4481 618 4542 in
650 4480 821 4544 artissimis
844 4480 987 4545 tenebris
1015 4480 1223 4567 rapidissimo
1247 4480 1471 4544 coruscamine
1493 4477 1546 4544 lu·

792 4163 811 4182 Η

376 4712 396 4781 1)
414 4715 454 4764 De
473 4713 580 4776 scriptis
599 4712 722 4762 oratoriis
742 4720 792 4764 cet.
813 4714 845 4778 (O
863 4714 984 4778 pismaeh
1004 4711 1180 4779 oratorslrich)
1200 4729 1225 4776 p.
1244 4709 1287 4764 44.
1380 4709 1437 4779 ²)p.
1456 4709 1481 4775 6,
1501 4710 1546 4763 17,
