3608 5460
260 385 303 450 34
750 407 934 448 monarcus
952 407 1040 448 smne
1463 382 1542 454 [162]

261 595 447 684 appellavit,
478 588 632 683 ρειδωλούς
663 617 720 683 per
750 595 924 661 abstemios
956 594 1110 680 reddidit,
1134 595 1297 661 adiectivo
1319 597 1386 660 iam
1409 570 1559 662 Lucilio⁸

261 716 292 769 et
315 704 456 769 Varroni
487 704 616 787 cognito
628 706 660 783 ¹).
691 701 760 767 Nec
787 702 926 766 multum
949 703 983 765 in
1007 702 1210 788 singulorum
1234 725 1391 788 generum
1415 703 1541 768 descri-

260 812 370 899 ptione
393 833 413 874 a
436 810 570 875 Platone
593 810 728 874 recessit
752 808 809 874 sed
832 809 886 892 ita,
910 819 945 873 ut
968 810 1113 874 narratio
1136 810 1207 874 eius
1231 810 1337 895 potius
1360 809 1402 874 ad
1425 810 1541 897 cnlpa-

260 917 342 984 biles
366 918 515 982 civitates
539 939 635 1002 quam
666 915 707 979 ad
739 914 917 1001 culpabiles
948 918 1036 980 viros
1060 916 1242 1003 pertineret.
1288 918 1328 981 In
1358 939 1541 1005 paucorum

260 1024 392 1112 quidem
408 1024 625 1088 dominatione
641 1021 854 1088 describenda
869 1032 978 1087 textus
1002 1023 1051 1112 sic
1070 1022 1288 1088 restituendus
1304 1034 1361 1104 est,
1385 1033 1420 1087 ut
1442 1046 1461 1088 e
1484 1045 1544 1088 co·

261 1132 333 1198 (lice
349 1131 570 1215 Benedictin0,
589 1131 753 1217 „etquae“
779 1130 957 1217 recipiatur
979 1141 1010 1194 et
1029 1129 1171 1216 legatur:
1194 1141 1233 1194 et
1255 1153 1360 1217 quae
1383 1134 1543 1219 ὀλιγαρχία

261 1240 390 1324 dicitur,
413 1260 452 1303 ea
475 1239 522 1302 sic
545 1239 690 1301 nascitur
714 1239 807 1318 cet2).
831 1237 909 1301 Post
934 1259 1035 1324 „quae
1058 1258 1123 1300 non
1147 1239 1350 1302 necessariae
1367 1237 1543 1325 cupidines

261 1346 355 1410 sunt“
382 1346 521 1410 verbum
547 1344 816 1430 „explentur“
849 1355 979 1430 propter
1001 1345 1221 1408 assonantiam
1249 1366 1324 1409 cum
1351 1342 1541 1431 „possiden-

260 1454 332 1517 tur“
366 1451 528 1518 excidisse
560 1450 691 1517 videtur
721 1450 762 1515 cf.
794 1449 875 1515 Plat.
906 1449 966 1536 Rp.
989 1451 1075 1516 VIII
1106 1451 1173 1516 554
1196 1453 1239 1516 A:
1269 1443 1460 1538 φειδωλός...
1485 1454 1546 1526 τὰς·

260 1564 420 1648 ἀναγκαίας
443 1561 594 1646 ἐπιθυμίας
617 1559 702 1645 μόνον
724 1563 791 1642 παρ’
822 1564 904 1639 αὐτῷ
927 1558 1125 1645 ἀποπιμπλάς.
1157 1559 1256 1623 Hunc
1280 1550 1422 1646 φειδωλόν
1446 1559 1544 1623 Plato

261 1668 357 1732 etiam
381 1658 535 1755 φιλοκερδῆ
558 1665 736 1752 appellavit
759 1666 829 1752 (Rp.
852 1666 905 1730 IX
930 1666 995 1731 580
1018 1666 1054 1730 Ε.
1075 1666 1138 1730 581
1157 1664 1204 1751 Ο),
1228 1666 1315 1752 quod
1338 1665 1540 1731 adiectivum

261 1773 301 1838 ab
333 1773 471 1860 Apuleio
501 1795 561 1861 per
591 1772 970 1859 lucricupidonem
1003 1771 1168 1838 redditum
1199 1796 1270 1838 esse
1299 1773 1437 1838 videtur.
1483 1773 1541 1841 Sic

261 1881 347 1946 enim
367 1880 524 1944 facillime
549 1879 631 1943 illud
657 1878 945 1966 „lucricupidem“,
968 1879 1054 1966 quod
1079 1879 1207 1945 codices
1232 1879 1397 1964 exhibent,
1427 1901 1542 1945 emen·

262 1987 334 2052 dari
356 1997 463 2074 potest
483 1989 545 2075 pita,
577 1997 612 2050 ut
635 1985 803 2054 Skutschii
815 1991 838 2069 3)
870 1986 1053 2053 emendatio
1083 1985 1215 2073 „Plato“
1245 1988 1279 2051 in
1306 1986 1479 2072 „Plautus“
1507 1996 1546 2052 et

264 2093 574 2182 „lucrieupidinem“
600 2095 635 2157 in
661 2092 942 2180 „lucricupidum“
976 2093 1110 2158 minime
1140 2095 1326 2158 necessaria
1349 2094 1391 2158 sit
1400 2099 1433 2176 4).
1466 2095 1542 2160 Hoc

259 2200 484 2266 tantummodo
507 2199 751 2265 concedendurn
776 2211 824 2265 est
851 2200 1058 2287 ⁷,accipitrem
1081 2201 1259 2287 pecuniae“
1285 2222 1400 2266 revera
1422 2200 1543 2266 Plauto

261 2308 387 2395 (Persa)
412 2306 532 2392 deberi,
567 2306 712 2370 sednon
736 2328 809 2371 curn
834 2309 975 2372 auctoris
999 2309 1130 2372 nomine
1152 2307 1313 2395 prolatum
1337 2331 1416 2390 esse,
1438 2309 1546 2372 immo

260 2415 301 2480 ad
326 2415 529 2479 Platonicum
553 2413 831 2501 lucricupidonem
855 2413 1094 2478 illustrandum.
1118 2415 1226 2479 Etiam
1249 2414 1415 2501 popularis
1439 2426 1471 2479 et
1485 2426 1542 2503 ty-

260 2523 396 2586 rannica
420 2522 571 2606 civitatis,
596 2522 694 2584 immo
718 2521 864 2585 virorum
888 2521 1036 2586 condicio
1059 2521 1204 2586 Platonis
1229 2522 1358 2609 depicta
1381 2533 1429 2586 est
1452 2521 1546 2587 0010-

261 2629 361 2710 ribus.

367 2736 410 2799 Et
432 2737 566 2823 tyranni
590 2735 720 2822 quidem
746 2736 1008 2802 commemoratio
1032 2737 1140 2801 virum
1157 2737 1333 2822 pessimum
1350 2735 1488 2823 Apuleio
1504 2736 1541 2799 in

262 2854 404 2906 mentem
427 2842 545 2924 intulit,
570 2844 662 2907 cuius
686 2844 856 2927 ingenium
879 2853 910 2908 et
934 2847 1074 2917 moresf’)
1098 2844 1239 2929 primum
1267 2844 1447 2908 secundum
1470 2843 1541 2932 Ly-

261 2950 340 3013 sidis
372 2950 473 3015 verba
497 2949 735 3035 describuntur,
758 2951 875 3036 quibus
907 2951 959 3016 vir
990 2950 1030 3015 ab
1063 2951 1206 3014 amicitia
1229 2948 1354 3016 alienus
1378 2949 1542 3015 definitur.

262 3058 306 3122 Ut
336 3058 371 3120 in
401 3056 573 3122 inimicitia
603 3080 702 3143 supra
712 3060 736 3144 6)
768 3058 949 3123 enarranda
978 3056 1093 3122 horum
1125 3059 1293 3144 aptissima
1320 3068 1389 3122 erat
1411 3058 1544 3122 occasio

260 3163 538 3250 proferendorum‚
569 3165 614 3229 ita
648 3186 730 3251 qnae
764 3188 841 3228 mox
877 3164 917 3230 de
947 3164 1024 3228 mali
1057 3164 1248 3229 condicione
1279 3175 1310 3228 et
1331 3174 1541 3249 peccatorum

261 3271 417 3336 electione
448 3271 668 3336 involuntaria
699 3271 862 3356 dicuntur,
895 3271 935 3335 ad
969 3271 1136 3358 superiora
1146 3272 1170 3356 l)
1200 3272 1371 3357 pertinent,
1402 3293 1466 3334 non
1497 3269 1540 3334 ad

262 3379 403 3443 civitatis
427 3378 618 3442 doctrinam.
641 3379 711 3442 Iam
736 3400 810 3442 cum
835 3377 959 3442 malitia
983 3378 1278 3463 seditionem⁸)
1303 3377 1466 3442 mentibus
1482 3400 1540 3464 pa-

260 3487 348 3550 riens
372 3485 501 3570 incepta
525 3497 620 3571 atque
643 3483 798 3549 meditata
822 3484 959 3550 consilia
974 3485 1121 3572 inpedire
1137 3485 1266 3568 dicitur,
1289 3486 1463 3571 respicitur
1477 3482 1540 3550 hoc

261 3593 420 3657 Platonis:
451 3594 619 3656 τὸ..κακὸν
651 3592 791 3675 βλάπτειν
823 3596 879 3673 (sc.
912 3596 956 3656 sisi
978 3593 1144 3681 πέρυκε)9).
1182 3591 1385 3677 Adiungitur
1406 3592 1540 3680 pessimi

261 3699 380 3764 amoris
404 3699 636 3783 description),
665 3699 805 3764 Phaedri
822 3699 981 3764 Platonici
993 3704 1031 3783 11)
1047 3699 1210 3765 coloribus
1227 3701 1321 3785 picta,
1343 3701 1435 3763 cuius
1451 3720 1540 3763 com-

261 3808 385 3893 paratio
416 3806 518 3891 docet,
549 3828 614 3869 non
645 3805 748 3869 solum
783 3807 952 3893 „<s>ed
983 3829 1099 3894 opacos
1132 3806 1265 3871 umbra“
1292 3828 1368 3871 cum
1396 3804 1542 3870 Bosscha

261 3912 472 3978 scribendum
503 3936 582 3999 esse,
616 3912 674 3977 sed
704 3915 802 3977 etiam
828 3916 928 4002 „[s]et
952 3936 1031 3979 cura
1053 3914 1155 3977 nimia
1183 3912 1414 3978 emedullat0s“
1442 3911 1482 3978 cf.
1506 3916 1541 3976 οὐ

261 4022 375 4108 στερεὸν
406 4011 528 4107 διώκων,
559 4011 618 4084 οὐδ’
647 4023 676 4084 ἐν
707 4024 780 4108 ἡλίῳ
812 4025 935 4111 καθαρῷ
966 4022 1179 4108 τεθραμμένον,
1212 4023 1293 4085 ἀλλ’
1323 4022 1379 4084 ὑπὸ
1405 4031 1542 4108 συμμιγεῖ

260 4139 386 4209 σκιᾷ
411 4134 540 4216 ἔμπειρον
563 4119 600 4191 δι’
623 4133 738 4215 ἁπαλῆς
761 4130 860 4192 τεκαὶ
883 4120 1021 4216 ἀνάνδρου
1045 4121 1162 4217 διαίτης.

368 4326 388 4390 ¹)
407 4342 432 4374 v.
452 4326 528 4377 Thes.
553 4326 569 4375 l.
596 4329 624 4375 L.
650 4343 669 4378 s.
695 4343 719 4378 v.
793 4324 813 4391 ²)
835 4328 870 4378 cf.
896 4327 982 4377 Plato.
1002 4328 1050 4390 Rp.
1069 4325 1133 4379 VIII
1152 4325 1205 4378 550
1223 4328 1251 4375 B.
1332 4325 1351 4391 3)
1369 4326 1477 4376 Archiv.
1496 4327 1543 4375 fur

259 4413 307 4466 lat.
330 4415 467 4480 Lexicogr.
486 4416 538 4464 XII
557 4413 616 4466 200.
691 4415 712 4483 ⁴)
731 4432 755 4467 v.
781 4417 888 4467 Archiv.
915 4417 986 4480 XIV,
1006 4412 1030 4477 l,
1048 4433 1072 4480 p.
1093 4413 1152 4467 125.
1226 4412 1539 4480 ⁵)npu1.p.92,15—

259 4503 305 4570 122
325 4505 359 4556 cf.
378 4504 447 4554 Plat.
466 4507 528 4570 Lys.
547 4503 599 4557 214
618 4507 649 4556 D.
723 4503 744 4566 ⁶)
762 4522 787 4570 p.
807 4504 898 4569 90‚29
916 4522 972 4570 sqq.
1047 4502 1108 4571 ⁷)p.
1127 4504 1170 4568 73,
1192 4501 1321 4568 16-74,
1341 4503 1382 4556 19.
1456 4500 1545 4570 ⁸)hse·

261 4594 365 4643 actione
385 4595 485 4643 codicis
504 4594 653 4644 Florentini
673 4601 782 4658 recepta
801 4594 920 4644 videmus
940 4595 1016 4644 nulla
1040 4595 1068 4643 in
1089 4600 1164 4644 textu
1182 4592 1321 4644 excidisse.
1414 4590 1434 4656 ⁹)
1455 4595 1539 4657 Leoeg.

261 4683 285 4731 x
304 4680 357 4734 ιον
376 4683 404 4733 s.
482 4681 512 4750 10)
530 4699 556 4747 p.
575 4682 618 4746 νει,
637 4681 698 4734 s-
711 4682 751 4735 15.
827 4681 858 4747 ¹¹)
877 4680 930 4734 aaa
949 4684 976 4733 c.
