3608 5460
259 418 302 481 24
749 439 931 480 monacus
953 438 1060 519 aluno„
1465 430 1539 501 [152]

260 652 322 694 nus
335 630 367 716 ¹),
390 651 487 715 quem
516 629 551 692 in
582 628 635 692 dei
667 627 882 692 similitudine
914 629 1073 714 conspicit
1104 627 1266 714 deumque
1298 629 1388 713 sequi
1412 628 1537 714 (θεῷ...

260 736 431 821 insciam)
455 734 545 800 iubet
567 732 723 798 homines.
747 736 791 799 At
813 733 972 821 Apuleius
995 733 1051 798 illa
1074 757 1111 799 re
1129 733 1279 820 neglecta
1294 735 1358 798 viri
1373 733 1449 798 boni
1464 756 1541 821 par-

260 854 308 909 tes
331 843 366 906 in
389 842 557 906 hominum
588 842 742 905 societate
772 840 885 906 definit
916 842 969 926 ita,
1000 853 1036 906 nt
1060 841 1156 925 dicat,
1189 863 1264 905 eum
1287 865 1352 905 non
1376 840 1471 905 modo
1496 841 1540 904 si-

261 950 362 1015 bimet
385 949 454 1021 unj
479 951 667 1031 natum⁸),
699 947 756 1012 sed
789 947 939 1012 omnibus
964 948 1061 1012 etiam
1084 947 1280 1032 hominibus,
1304 969 1365 1012 nec
1388 948 1460 1035 pari
1483 957 1541 1011 aut

262 1055 360 1121 simili
388 1055 493 1136 modo,
522 1076 637 1119 verum
669 1056 767 1119 ctiam
798 1056 996 1142 <apud>
1029 1054 1182 1119 bonum
1215 1059 1453 1141 quemque4)
1484 1076 1540 1119 ac-

262 1174 392 1250 ceptum
415 1185 495 1247 esse,
518 1161 638 1227 debinc
660 1163 817 1248 proximis
840 1173 872 1226 et
896 1184 971 1225 mox
996 1162 1121 1244 ceteris,
1144 1163 1198 1247 qui
1224 1161 1377 1225 familiari
1402 1185 1462 1225 usu
1486 1159 1540 1226 vel

262 1271 376 1335 notitia
399 1272 584 1354 iungantur.
630 1269 802 1333 Neminem
826 1267 941 1354 fugere
964 1279 1069 1355 potest
1091 1268 1180 1333 bunc
1202 1268 1311 1334 locum
1336 1289 1540 1334 communem

263 1376 302 1442 de
325 1377 506 1444 Stoicorum
531 1377 676 1462 sapiente
699 1375 741 1439 ad
760 1375 916 1440 bonorum
936 1357 1210 1440 enumerationem
1227 1376 1361 1440 minime
1377 1376 1540 1461 pertinere

262 1495 294 1549 et
317 1483 492 1548 confictum
516 1506 587 1547 esse
609 1483 651 1547 ad
675 1482 842 1570 exemplar
866 1505 978 1548 eorum
1002 1481 1078 1546 falsi
1094 1482 1239 1547 Platonis
1255 1484 1297 1547 ad
1313 1480 1495 1572 Archytam
1506 1482 1541 1567 ⁵),

263 1613 345 1678 quae
361 1591 427 1655 iam
443 1589 556 1656 Cicero
572 1591 688 1655 Latine
711 1600 854 1655 verterat
865 1589 897 1675 6).
924 1592 1125 1675 „Acceptum
1148 1589 1238 1654 esse“
1261 1589 1348 1654 idem
1377 1588 1541 1674 significat

263 1720 303 1763 ac
333 1707 464 1783 gratum
495 1708 526 1761 ct
558 1699 730 1783 probatum
752 1719 831 1761 esse.
876 1696 1041 1762 Volabant
1064 1707 1170 1761 autem
1195 1696 1295 1763 Stoici
1321 1697 1403 1761 bene
1426 1695 1541 1760 audire

263 1804 503 1890 aparentibus,
527 1827 546 1868 a
569 1805 766 1890 propinquis,
790 1827 810 1867 a
832 1804 924 1868 bonis
948 1803 1045 1869 etiam
1068 1804 1148 1868 viris
1161 1807 1191 1889 ⁷).

369 1911 423 1974 Ad
445 1911 542 1975 deum
567 1934 640 1976 eum
664 1911 821 1976 accedere
844 1934 938 1997 posse
961 1910 1072 1975 docuit
1095 1910 1244 1995 Albinus,
1267 1911 1323 1998 qui
1346 1910 1541 1975 convenien-

263 2029 329 2084 tem
360 2031 391 2083 et
422 2030 532 2105 aptam
562 2029 678 2083 nactus
709 2019 750 2082 sit
780 2028 939 2103 naturam,
963 2017 1126 2104 adquam
1153 2040 1259 2082 mores
1283 2030 1314 2082 et
1337 2016 1486 2082 educatio
1509 2025 1542 2080 et

178 2114 181 2119 ’
264 2148 378 2191 sensus
403 2148 478 2189 cnm
501 2124 574 2210 lege
598 2135 813 2209 congruentes
837 2125 1004 2210 accedant,
1026 2146 1087 2192 nec
1110 2148 1174 2189 non
1199 2125 1281 2189 ratio
1305 2123 1541 2210 disciplinaque

264 2255 303 2298 ac
326 2231 568 2319 contemplandi
591 2255 610 2296 a
633 2233 835 2319 sapientibus
858 2231 979 2296 tradita
1002 2231 1211 2296 consuetude.
1241 2230 1293 2295 Ad
1317 2253 1400 2317 qnae
1424 2251 1541 2316 corpus

263 2340 478 2429 gymnastica,
495 2340 641 2402 animum
657 2339 791 2416 musica,
808 2337 1020 2424 arithmetica,
1036 2341 1241 2423 astronomia,
1256 2338 1433 2424 geometria
1448 2359 1540 2424 prac-

265 2449 372 2534 parari
382 2450 416 2530 8).
439 2446 524 2511 Nam
548 2447 749 2510 institutione
773 2457 806 2510 et
828 2445 972 2510 moribus
988 2446 1135 2510 homines
1155 2447 1256 2510 bonos
1271 2445 1342 2510 fieri
1358 2456 1413 2509 aut
1429 2444 1542 2529 malos,
1578 2460 1580 2463 ·

264 2577 329 2619 ιιοιι
353 2575 411 2640 per
434 2577 468 2617 se
490 2554 604 2638 esse9).
650 2552 816 2639 Apuleius,
839 2575 1035 2640 quamquam
1057 2553 1119 2618 hoc
1142 2552 1261 2632 locum)
1285 2553 1326 2617 de
1350 2552 1542 2616 educatione

266 2661 342 2746 agit,
366 2672 519 2724 nontam
544 2659 656 2724 Albini
679 2661 812 2744 respicit
835 2659 1027 2745 doctrinam,
1051 2683 1150 2748 qnam
1172 2659 1327 2744 Platonis,
1350 2659 1406 2745 qui
1429 2660 1463 2723 in
1487 2659 1542 2721 Ti-

265 2771 406 2849 maeo¹1)
430 2766 515 2831 malo
540 2767 684 2853 corporis
706 2765 820 2832 habitu
844 2778 875 2831 et
898 2767 1108 2832 educantium
1132 2768 1295 2854 imperitia
1310 2765 1457 2830 homines
1473 2788 1542 2858 ma-¹

266 2874 314 2939 los
337 2874 408 2939 fieri
432 2874 598 2938 contendit
621 2884 653 2939 et
677 2896 789 2940 curam
812 2877 957 2960 corporis
980 2886 1012 2940 et
1035 2875 1136 2939 animi
1151 2874 1362 2939 vehementer
1377 2895 1542 2938 commen·

266 2981 364 3045 davit.
410 2981 487 3045 Tria
510 2981 717 3066 ingeniorum
740 3002 861 3066 genera
877 2980 999 3046 Albino
1023 2981 1127 3066 debet,
1151 2982 1207 3066 qni
1223 2982 1257 3044 in
1274 2979 1446 3045 dialectica
1462 2981 1542 3046 scri-

266 3090 342 3175 psit:
366 3095 406 3162 ὡς
429 3089 501 3152 ὅταν
524 3100 620 3176 φῶμεν
643 3099 703 3151 τῶν
734 3089 897 3176 ἀνθρώπων
920 3090 987 3162 τοὺς
1010 3088 1062 3176 μὲν
1085 3090 1216 3177 ἀγαθοὺς
1241 3084 1318 3172 εἶναι,
1342 3089 1408 3161 τοὺς
1431 3079 1464 3151 δὲ
1487 3112 1543 3150 κα-

266 3196 340 3280 κούς,
364 3197 431 3269 τοὺς
454 3187 487 3259 δὲ
509 3197 611 3282 μέσους
622 3198 669 3276 1²).
692 3195 832 3261 Generis
856 3195 955 3259 medii
980 3197 1244 3260 commemoratio
1260 3196 1463 3259 occasionem
1487 3194 1543 3258 dat

267 3301 405 3391 Apuleio
418 3301 459 3366 ad
474 3301 663 3366 medietates
675 3301 922 3386 enumerandas,
938 3325 1021 3388 quae
1032 3304 1117 3366 inter
1128 3303 1265 3367 virtutes
1278 3312 1310 3367 et
1321 3303 1403 3366 vitia
1418 3301 1544 3366 mediae

266 3411 389 3498 positae
401 3419 484 3484 sunt,
501 3418 537 3472 ut
552 3408 637 3473 inter
652 3409 819 3473 scientiam
840 3410 1114 3477 <attendentium
1130 3411 1304 3495 opinionem
1319 3411 1487 3484 alteram>
1505 3409 1544 3489 18)

266 3515 418 3600 validam,
438 3514 573 3580 alteram
590 3514 716 3599 falsam,
732 3516 817 3580 inter
833 3514 1023 3600 pudentiam
1038 3515 1309 3602 libidinosamque
1325 3517 1426 3579 vitam
1443 3516 1541 3580 absti-

265 3624 411 3688 nentiam
446 3632 478 3686 et
507 3623 799 3708 intemperantiam.
846 3622 961 3689 Omnis
992 3622 1072 3688 haec
1096 3623 1246 3689 doctrina
1270 3622 1382 3688 Albini
1406 3634 1463 3706 est,
1487 3623 1542 3708 qui

268 3731 406 3796 virtutes
430 3729 669 3794 mediocritates
693 3730 884 3819 (μεσότητας)
896 3730 934 3815 1⁴)
958 3729 1135 3817 appellavit
1157 3739 1190 3793 et
1213 3730 1302 3794 circa
1317 3729 1462 3814 singulas
1479 3728 1543 3792 duo

375 3984 395 4057 i)
413 4015 436 4050 c.
456 3997 498 4051 28.
572 3996 592 4063 ²)
611 4015 636 4064 p.
655 3998 698 4062 37,
717 3998 759 4050 30.
835 3997 854 4067 ⁵)
879 4001 918 4049 sic
943 4000 1013 4048 enim
1033 3999 1131 4063 optime
1150 3999 1241 4048 Rohde
1262 3999 1447 4062 „intimatnm“
1469 3999 1543 4049 codd.

284 4089 390 4140 arrexit.

374 4175 396 4242 ⁴)
414 4178 454 4226 sic
472 4193 557 4242 parva
575 4179 722 4228 mutatione
741 4177 815 4227 codd.
838 4193 935 4241 „unum
954 4179 1100 4242 quemqne“
1121 4178 1240 4227 restituo.

376 4264 396 4327 ὓ)
414 4266 531 4317 Ps-Plat.
551 4268 628 4332 epist.
647 4268 687 4316 IX
705 4283 730 4331 p.
750 4263 802 4319 385
821 4268 844 4316 A
863 4263 962 4329 ἕκαστος
980 4264 1048 4332 ἡμῶν
1066 4263 1115 4334 οὐχ
1133 4264 1197 4332 αὑτῷ
1216 4266 1287 4333 μόνον
1304 4265 1398 4334 γέγονεν
1422 4283 1448 4319 κ,
1474 4283 1494 4320 τ,
1520 4263 1544 4319 λ.

376 4353 459 4422 'ltin
479 4354 504 4419 2,
524 4353 565 4408 45.
641 4352 661 4421 ²)
679 4357 713 4407 cf.
733 4355 788 4407 Cic.
808 4354 852 4406 fin.
871 4355 897 4415 3,
916 4356 960 4409 57.
980 4355 1039 4407 San.
1059 4356 1122 4408 dial.
1141 4354 1167 4420 8,
1186 4354 1211 4419 6,
1230 4354 1255 4407 4.
1311 4353 1332 4421 ⁸)
1351 4373 1377 4420 p.
1395 4354 1438 4419 38,
1457 4356 1544 4422 flsqq.

268 4443 287 4511 ⁹)
308 4461 333 4509 p.
353 4443 396 4506 39,
415 4443 439 4496 7.
514 4442 545 4510 ¹⁰)
564 4462 589 4510 p.
607 4443 651 4508 82,
670 4444 784 4497 6-17.
859 4446 891 4510 ²¹)
910 4461 935 4511 p.
953 4443 989 4497 86
1008 4447 1030 4494 Ε
1049 4462 1087 4511 sq.
1163 4443 1193 4509 1’)
1212 4462 1237 4510 p.
1257 4444 1299 4509 12,
1318 4443 1354 4497 36
1372 4461 1410 4511 sq.

379 4531 409 4600 ¹³)
429 4533 632 4597 ,inscientiam
653 4534 791 4585 Vahlenns
810 4534 911 4598 optime
930 4534 1072 4599 supplevit,
1094 4535 1277 4599 ,opinionem
1298 4551 1346 4600 ego
1365 4536 1450 4600 posui,
1469 4535 1545 4586 cuins

269 4623 321 4672 duo
341 4630 403 4673 runt
420 4637 534 4687 genera:
554 4622 644 4688 opinio
662 4624 754 4674 valida
772 4620 848 4688 (δόξα)
867 4629 893 4673 et
906 4623 995 4687 opinio
1014 4624 1087 4675 falsa
1105 4619 1259 4690 (ἁμάρτημα).

378 4711 409 4776 ¹⁴)
428 4728 453 4775 p.
472 4708 515 4776 40,
536 4710 570 4763 13
588 4727 644 4777 sqq.
664 4714 698 4763 cf.
718 4712 782 4764 ibid.
801 4729 826 4763 v.
845 4710 888 4764 29.
