3608 5460
375 445 419 509 20
867 468 1051 509 resonantis
1069 467 1157 509 sruxo
1581 459 1655 530 [1481

376 657 530 722 scientiae
565 667 742 722 amatorem
776 655 996 743 intellegentis
1027 667 1164 722 naturae
1196 679 1311 722 causas
1342 658 1465 745 primas
1496 657 1656 742 indagare

376 773 531 850 oportere,
554 786 617 850 qua
640 765 673 826 in
697 785 732 827 re
752 764 861 827 anima
878 772 962 851 agat,
985 763 1072 829 oculi
1087 765 1218 828 nonnisi
1234 787 1305 829 eam
1321 764 1478 829 adiuvent
1490 769 1522 846 ¹).
1545 764 1656 828 Etiam

376 892 457 956 quae
482 870 522 934 de
546 869 657 934 auditu
682 881 856 934 narrantur
886 869 1033 936 Platonis
1043 871 1067 957 2)
1100 881 1187 935 sunt:
1211 871 1357 957 linguae,
1382 871 1537 955 dentium,
1560 891 1656 934 oscu-

375 976 481 1041 lorum
493 976 616 1062 laudes,
628 1000 647 1040 a
659 976 808 1041 sensibus
821 975 955 1063 alienae,
967 976 1143 1063 Apuleium
1151 978 1259 1063 ipsum
1272 977 1427 1043 redolent.
1439 977 1505 1058 Qui
1518 999 1593 1041 cum
1605 999 1656 1040 se-

374 1083 440 1148 mel
463 1083 524 1148 sibi
548 1084 627 1147 fisus
651 1083 700 1168 sit,
724 1104 771 1168 ea,
800 1105 882 1170 quae
906 1085 1040 1169 supra³)
1073 1083 1113 1148 de
1136 1083 1291 1148 membris
1315 1085 1414 1172 capiti
1437 1082 1656 1149 servientibus

375 1191 530 1272 narravit,
553 1191 713 1277 repetit
736 1200 767 1254 et
790 1190 877 1253 omni
902 1189 1014 1255 ordine
1037 1189 1187 1276 neglecto
1210 1190 1352 1277 exempli
1376 1191 1483 1275 gratia
1505 1188 1605 1278 pedes
1623 1202 1657 1254 et

375 1296 526 1361 humeros
550 1308 582 1361 et
605 1295 780 1384 supercilia
801 1297 948 1361 nominat
957 1297 993 1383 4).
1017 1297 1081 1362 Res
1104 1319 1163 1384 per
1186 1320 1220 1362 se
1244 1303 1353 1384 inepta
1367 1298 1508 1385 ineptior
1529 1297 1565 1361 fit
1587 1296 1655 1362 lec-

375 1406 463 1468 tione
486 1403 578 1467 falsa.
602 1402 690 1482 Quid
714 1413 762 1468 est
785 1405 886 1468 enim:
914 1402 1031 1490 ,pedes
1055 1403 1240 1491 denique
1262 1404 1472 1470 humerorum
1488 1415 1584 1469 tenus
1600 1425 1656 1469 ca-

374 1512 435 1598 piti
449 1509 663 1575 oboediunt“?
687 1510 796 1575 Potest
811 1509 943 1596 quidem
959 1510 1025 1575 dici
1044 1510 1163 1596 ,pedes
1181 1533 1325 1596 genuum
1341 1512 1467 1596 tenus“,
1491 1510 1547 1574 sed
1563 1509 1656 1576 nullo

376 1617 471 1681 modo
494 1617 622 1682 humeri
653 1617 695 1681 ad
726 1617 825 1704 pedes
856 1617 1022 1682 referendi
1046 1627 1129 1682 sunt.
1153 1617 1266 1682 Voluit
1295 1618 1403 1683 dicere
1426 1619 1535 1682 omnia
1557 1640 1576 1680 a
1598 1639 1657 1704 pe-

376 1724 471 1789 dibus
495 1723 660 1811 usquead
683 1723 835 1788 humeros
864 1725 964 1810 capiti
994 1724 1155 1790 oboedire.
1190 1725 1282 1805 Quae
1307 1747 1381 1789 cum
1412 1725 1457 1789 ita
1489 1725 1563 1808 sint,
1594 1746 1655 1810 pro

378 1831 557 1918 ,denique“
588 1831 817 1916 omniaque
841 1829 1016 1916 legendum
1040 1854 1111 1897 esse
1133 1843 1219 1919 puto.

483 1938 634 2025 Sequitur
665 1937 839 2024 disputatio
870 1938 911 2002 de
946 1938 1128 2003 visceribus
1139 1943 1172 2023 ⁵),
1207 1939 1333 2003 scilicet
1365 1939 1405 2003 de
1436 1937 1656 2025 pulmonibus,

375 2046 581 2130 iecinoreque
605 2055 636 2109 et
659 2044 754 2130 liene,
777 2067 875 2131 quam
898 2044 992 2109 Plato
1002 2047 1026 2131 6)
1050 2057 1177 2132 etpost
1203 2046 1291 2111 hunc
1322 2046 1462 2111 Albinus
1474 2047 1498 2132 ⁷)
1528 2044 1575 2109 ibi
1598 2067 1658 2130 po-

376 2163 519 2235 suerunt,
543 2151 599 2216 ubi
623 2151 664 2216 de
686 2153 815 2216 animae
848 2153 990 2237 partium
1022 2151 1234 2218 collocatione
1258 2152 1360 2217 verba
1384 2152 1541 2218 fecerunt.
1564 2152 1658 2238 Apu-

375 2258 459 2323 leius
482 2281 560 2323 vero
592 2269 660 2321 tam
690 2270 812 2323 temere
844 2259 899 2323 hic
930 2281 968 2324 ea
998 2270 1189 2346 prosecutus
1213 2270 1269 2345 est,
1300 2270 1391 2324 utet
1414 2259 1512 2324 corde
1536 2259 1656 2323 omisso

377 2377 408 2429 et
431 2366 583 2429 iocinoris
607 2363 718 2429 indole
748 2386 881 2452 prorsus
912 2365 1069 2451 neglecta,
1100 2365 1312 2430 nihilominus
1344 2367 1511 2453 scripserit
1534 2364 1656 2430 lienem

376 2473 530 2537 iocinoris
561 2494 631 2536 esse
662 2471 846 2555 finitimum,
879 2483 915 2536 ut
946 2471 1057 2536 sordes
1086 2473 1156 2536 eius
1179 2472 1377 2558 abstergeat,
1399 2495 1482 2559 quac
1504 2483 1575 2537 tum
1599 2470 1657 2535 de-

377 2602 465 2643 mum
490 2577 734 2664 intelleguntur,
758 2600 834 2642 cum
858 2579 980 2643 scimus
995 2579 1086 2643 iecur
1101 2579 1174 2645 leve
1189 2590 1221 2644 et
1237 2579 1444 2667 splendidum
1468 2603 1539 2644 esse
1562 2561 1655 2666 oporss

375 2697 452 2772 tere,
476 2687 568 2750 utin
592 2708 629 2750 eo
653 2686 771 2750 mentis
794 2686 1008 2769 cogitationes
1032 2685 1179 2751 velutin
1203 2686 1334 2773 speculo
1357 2687 1544 2751 reddantur.
1576 2684 1656 2750 Pul-

377 2816 510 2857 monum
540 2791 686 2857 officium
716 2792 898 2857 secundum
931 2791 1099 2858 Platonem
1123 2793 1320 2859 describitur
1330 2798 1363 2877 ⁸),
1392 2804 1423 2858 et
1446 2793 1500 2858 hic
1525 2792 1654 2856 demum

376 2899 484 2964 cordis
508 2910 615 2963 tumor
637 2900 688 2962 ira
711 2899 845 2964 effectus
869 2912 1149 2965 commemoratur.
1173 2901 1216 2965 Et
1240 2923 1313 2965 oum
1335 2900 1429 2965 Plato
1445 2900 1486 2966 de
1502 2899 1656 2986 pulmone

376 3019 487 3093 potum
518 3007 697 3092 accipiente
729 3007 777 3091 (τὰ
807 3007 889 3092 πόμα
919 2999 1076 3095 δεχομένη)
1108 3007 1335 3093 narraverim),
1373 3007 1532 3094 Apuleius
1566 3006 1656 3069 sitim

376 3114 446 3178 eius
470 3113 744 3178 commemoravit.
778 3112 884 3179 Simili
906 3113 1003 3178 modo
1034 3136 1109 3178 cum
1141 3114 1227 3201 apud
1254 3113 1348 3178 illum
1378 3114 1446 3179 lien
1477 3113 1655 3198 exsanguis

377 3220 488 3286 sordes
512 3221 664 3285 iecinoris
696 3221 846 3307 excipere
878 3232 909 3285 et
931 3221 1073 3308 repletus
1103 3222 1321 3286 intumescere
1333 3224 1370 3308 ¹⁰)
1394 3221 1501 3285 dictus
1526 3221 1576 3305 sit,
1599 3218 1655 3284 hic

376 3327 495 3392 lienem
519 3328 720 3414 participatis
751 3325 922 3392 haustibus
949 3329 1101 3393 iecinoris
1124 3327 1375 3393 redundantiam
1397 3327 1544 3393 relevare
1567 3347 1656 3390 asse-

376 3436 449 3498 ruit.
474 3433 538 3501 Sed
562 3457 603 3499 ne
626 3445 719 3520 putes
743 3434 881 3520 Apuleio
904 3433 985 3499 haec
1009 3436 1119 3499 omnia
1142 3434 1231 3500 clara
1247 3446 1343 3522 atque
1358 3443 1527 3522 perspecta
1542 3433 1656 3517 fuisse,

376 3541 445 3628 ipse
469 3542 582 3626 vetuit,
605 3563 680 3606 cum
704 3542 795 3605 iecur
816 3563 935 3627 purum
958 3541 1050 3606 fibris
1074 3543 1215 3606 maxime
1239 3541 1444 3607 commodum
1468 3564 1539 3606 esse
1562 3539 1655 3603 addi-

376 3647 432 3714 dit.
456 3647 569 3712 Alium
591 3647 679 3712 enim
702 3647 772 3712 eius
795 3648 842 3712 rei
873 3648 973 3714 finem
1002 3672 1074 3714 esse
1097 3672 1195 3736 supra
1219 3649 1371 3713 diximus.
1417 3649 1552 3713 Ventris
1576 3669 1653 3712 con-

375 3755 520 3840 dicioss),
544 3756 666 3819 ossium
689 3754 907 3842 ligaturaew),
931 3757 1046 3843 capitis
1069 3768 1199 3842 tegmen
1211 3761 1249 3838 ¹³)
1273 3756 1453 3822 secundum
1485 3755 1652 3819 Platonem

376 3862 541 3949 descripta
564 3872 652 3945 sunt,
674 3883 736 3926 nec
758 3863 867 3927 minus
897 3864 931 3926 in
963 3864 1131 3949 sanguinis
1153 3864 1270 3928 itinere
1293 3862 1477 3927 definiendo
1500 3874 1532 3926 et
1555 3859 1656 3925 anhe-

376 3968 466 4033 landi
489 3968 643 4034 facultate
667 3969 849 4034 enarranda
859 3970 898 4055 14)
922 3969 1068 4034 eiusdem
1084 3969 1185 4036 verba
1200 3969 1441 4053 reddunturffi).
1464 3970 1539 4056 Ipse
1562 3969 1655 4052 Apu-

376 4075 459 4141 leius
484 4098 640 4141 venarum
660 4076 816 4142 mentioni
828 4077 1020 4162 genitalium
1044 4077 1195 4140 adiunxit
1213 4078 1370 4141 rationem
1382 4080 1429 4161 1⁶),
1453 4098 1517 4161 qua
1539 4075 1575 4138 in
1597 4097 1656 4140 ex-

485 4384 505 4447 1)
524 4383 591 4433 rim.
619 4380 654 4434 46
682 4384 738 4435 DE.
812 4381 887 4450 ²)ib.
914 4381 949 4435 47
968 4384 997 4434 C.
1071 4381 1091 4448 ³)
1109 4401 1134 4448 p.
1154 4382 1197 4443 75,
1226 4382 1267 4435 11.
1341 4381 1361 4448 ⁴)
1380 4399 1405 4447 p.
1425 4382 1468 4445 77,
1487 4380 1512 4434 4.
1587 4379 1608 4449 ⁵)
1628 4399 1653 4446 p.

378 4471 421 4533 77,
440 4468 553 4523 6-19.
610 4538 612 4545 Ι
644 4468 750 4534 ⁸)Tim.
771 4470 805 4523 70
823 4469 933 4524 Β-72
953 4474 984 4522 D.
1078 4469 1097 4537 7)
1120 4489 1143 4524 c.
1168 4471 1203 4524 23
1223 4490 1246 4537 p.
1267 4471 1310 4524 32.
1401 4469 1421 4531 ⁸)
1440 4472 1508 4522 Tim.
1533 4469 1570 4522 70
1599 4472 1653 4520 OD.

376 4557 479 4627 arsia.
536 4556 567 4623 1⁰)
586 4559 622 4610 n.
641 4557 676 4611 72
695 4561 723 4611 e.
779 4562 811 4622 1ι)
831 4577 855 4624 p.
875 4560 917 4625 77,
932 4558 1013 4612 1301.
1028 4562 1095 4612 um.
1115 4561 1150 4613 73
1169 4557 1202 4615 A.
1260 4557 1290 4625 ¹¹)
1309 4561 1378 4613 rim.
1396 4558 1431 4612 73
1450 4561 1479 4612 Β.
1537 4558 1568 4627 1·)
1585 4560 1653 4609 rim.

377 4648 412 4701 75
430 4650 460 4701 E.
480 4647 515 4701 76
536 4651 566 4698 D.
643 4647 672 4714 ¹⁴)
690 4665 715 4713 p.
735 4647 777 4713 78,
801 4647 914 4701 6-14.
971 4648 1002 4714 ¹⁶)
1021 4651 1088 4700 Tim.
1109 4650 1142 4702 77
1162 4650 1182 4700 C
1200 4648 1272 4703 -78
1290 4651 1320 4699 Ε.
1382 4646 1413 4712 ¹⁸)
1431 4666 1456 4714 p.
1476 4647 1519 4712 78,
1539 4646 1652 4701 15-17.
