3608 5460
258 441 302 505 40
750 467 932 508 6611666666
951 467 1039 508 smuo
1463 443 1539 513 [1681

259 677 301 718 ex
324 653 474 720 codicum
497 653 653 720 facultate
672 656 808 742 petitum
833 666 888 740 est,
912 655 1050 721 alterum
1074 678 1116 722 ex
1138 655 1240 722 libelli
1264 657 1382 743 indole,
1404 659 1540 722 tertium

259 785 300 826 ex
323 760 443 848 Apulei
473 762 668 828 testimonio:
700 763 853 826 nimirum
886 761 1034 828 libellum
1064 786 1130 828 non
1161 765 1320 828 contineri
1347 765 1382 828 in
1405 765 1540 852 optimis

260 866 436 953 codicibus,
459 868 577 955 quibus
600 867 676 934 libri
700 868 741 933 de
765 868 915 955 dogmate
939 869 1082 935 Platonis
1105 871 1225 935 servati
1249 881 1337 953 sunt;
1361 871 1540 937 dictionem

259 975 402 1040 ieiunam
424 975 619 1063 regulasque
650 975 759 1041 aridas
790 975 831 1041 ab
859 975 979 1064 Apulei
1002 977 1117 1042 florida
1141 976 1271 1043 dicendi
1295 979 1420 1043 ratione
1440 978 1541 1066 plane

259 1081 441 1168 abhorrere,
464 1084 562 1147 immo
586 1083 770 1148 scholarum
801 1084 970 1171 pulverem
1000 1083 1159 1168 redolere3
1183 1085 1368 1150 Aristotelis
1391 1096 1423 1150 et
1446 1086 1541 1150 Peri-

259 1190 471 1275 pateticorum
496 1189 678 1255 doctrinam
700 1191 735 1255 in
758 1191 868 1258 libello
890 1192 1082 1256 nominatim
1110 1191 1267 1278 prolatam
1292 1178 1394 1280 ipsius
1417 1192 1539 1280 Apulei

260 1296 370 1362 verbis
394 1296 627 1382 contradicere,
658 1299 713 1384 qui
744 1321 782 1363 aa
813 1298 875 1363 sibi
905 1300 1022 1363 Latine
1053 1309 1194 1364 tractare
1221 1301 1432 1386 proposuerit,
1454 1321 1542 1386 quae

259 1402 386 1469 Graece
408 1403 501 1468 Plato
524 1414 703 1469 tractasset.
726 1405 820 1487 (Plat.
843 1429 872 1493 p.
897 1407 950 1490 66,
977 1408 1016 1471 ll
1042 1406 1131 1493 sqq.).
1177 1408 1268 1488 Quae
1300 1407 1542 1492 argumentatio

260 1508 477 1575 Hildebrandi
504 1510 717 1602 Bernhardyo
733 1512 836 1597 (Rom.
851 1513 944 1577 Litt⁵
966 1536 995 1600 p.
1017 1513 1091 1579 883.
1115 1513 1202 1600 886),
1217 1512 1376 1578 Teuffelio
1388 1519 1410 1592 ¹)
1434 1513 1541 1594 (Rom.

151 1686 154 1691 .
259 1616 352 1680 Liar
374 1639 403 1702 p.
427 1618 500 1702 859,
528 1619 588 1704 15),
608 1617 837 1684 Goldbachero
859 1620 906 1705 (in
929 1620 1129 1706 praefatione
1152 1621 1250 1706 edit).
1270 1621 1416 1686 Beckero
1433 1620 1541 1707 (Stud.

260 1723 355 1808 Apul.
371 1723 481 1789 Berlin
510 1727 593 1791 1819
609 1748 638 1812 p.
663 1727 704 1811 8),
727 1725 853 1791 Zellero
877 1727 950 1810 (ΠΙ,
975 1730 1010 1791 2⁸
1034 1752 1062 1814 p.
1087 1729 1152 1794 209
1176 1730 1238 1792 An.
1255 1728 1288 1815 3)
1312 1727 1479 1813 satisfecit,
1503 1738 1542 1793 ut

260 1829 406 1895 libellum
429 1831 548 1918 Apulei
572 1854 635 1896 nou
660 1854 731 1898 esse
754 1843 913 1919 putarent.
959 1835 1105 1915 Quorum
1136 1834 1384 1901 Goldbacherus
1414 1857 1541 1899 novum

260 1937 423 2024 quoddam
447 1942 561 2013 νοθείας
584 1951 813 2025 argumentum
836 1941 1002 2006 invenisse
1034 1940 1096 2005 sibi
1127 1942 1218 2005 visus
1249 1953 1305 2027 est,
1338 1965 1412 2006 cum
1439 1941 1540 2006 dixit:

261 2045 348 2126 (edit.
370 2068 400 2131 p.
423 2047 499 2128 ΠΙ);
519 2047 547 2110 61
566 2045 650 2111 11161
670 2047 856 2133 exemplum
872 2050 1091 2134 reputavisses
1118 2048 1296 2135 ,Apuleius
1316 2049 1456 2124 disserit
1471 2071 1540 2113 non

261 2151 422 2237 disserit“,
447 2153 625 2240 ,Apuleius
641 2152 851 2240 philosophus
875 2153 1063 2220 Platonicus
1087 2155 1314 2220 Madaurensis
1338 2157 1439 2221 utitur
1466 2177 1542 2220 ora-

260 2259 378 2344 tione“,
398 2258 544 2345 profecto
560 2271 626 2324 tam
642 2263 788 2346 ineptum
805 2261 1030 2347 insulsumque
1046 2262 1209 2326 hominem
1233 2262 1334 2327 fuisse
1363 2262 1540 2350 Apuleium

261 2367 320 2430 vix
343 2376 374 2430 16
398 2367 660 2431 existimaturum
684 2390 764 2449 6666,
790 2379 825 2431 61
849 2390 883 2432 66
899 2368 1007 2453 ipsum
1031 2390 1088 2454 pro
1104 2368 1252 2454 exemplo
1268 2377 1422 2456 poneret3'
1438 2371 1543 2435 immo

260 2471 342 2538 haec
365 2472 515 2558 exempla
544 2495 676 2537 causam
700 2473 838 2559 dedisse,
869 2484 904 2538 ut
935 2476 991 2560 qui
1022 2474 1103 2540 Plat.
1130 2479 1157 2561 1,
1180 2477 1202 2540 4
1225 2475 1358 2562 legisset
1381 2475 1474 2540 illum
1498 2476 1541 2543 de

261 2580 365 2644 tribus
389 2579 609 2667 philosophiae
632 2580 779 2666 partibus
803 2582 977 2666 separatim
994 2581 1157 2646 dicturum
1181 2606 1261 2668 esse,
1284 2585 1412 2648 tertiam
1429 2594 1540 2648 autem

261 2698 385 2774 partem
410 2710 570 2773 nusquam
594 2686 775 2752 consectam
802 2688 951 2753 vidisset:
973 2690 1043 2776 ipse
1070 2689 1217 2754 libellum
1241 2690 1460 2755 conscriberet
1482 2711 1543 2754 ne-

262 2815 324 2879 que
347 2815 421 2857 eum
445 2816 502 2880 pro
526 2794 709 2881 Apuleiano
732 2795 875 2860 vendere
898 2794 1010 2877 vellet3
1026 2795 1184 2882 exemplis
1208 2797 1248 2861 ab
1264 2796 1322 2861 illo
1337 2796 1443 2862 allatis
1467 2819 1541 2883 per-

262 2899 386 2965 fectum
409 2923 488 2987 esse,
512 2912 548 2965 ut
570 2900 701 2966 libellus
725 2923 744 2966 a
767 2901 911 2967 librariis
935 2903 1074 2989 Apuleio
1097 2904 1303 2968 tribueretur.

369 3008 588 3073 Hildebrandi
611 3019 803 3093 argumenta
824 3010 889 3072 iam
913 3033 932 3073 a
956 3010 1096 3074 Meiss’io
1118 3009 1259 3075 refutata
1276 3021 1359 3095 sunt,
1379 3011 1435 3097 qui
1451 3023 1541 3076 recte

263 3114 493 3181 animadvertit
523 3114 671 3180 libellum
702 3139 721 3179 a
751 3116 917 3180 nonnullis
949 3116 1098 3180 codicum
1131 3117 1341 3202 scriptoribus
1371 3127 1543 3205 propterea

263 3221 448 3308 neglectum
473 3245 551 3308 esse,
575 3223 661 3309 quod
684 3235 794 3309 aperte
818 3246 882 3287 non
899 3223 1052 3308 Platonis,
1076 3224 1134 3288 sed
1150 3225 1440 3311 Peripateticorum
1463 3224 1541 3289 doc-

262 3331 383 3393 trinam
414 3351 493 3417 prae
524 3353 558 3394 se
589 3329 702 3414 ferret3
733 3330 917 3397 Cassiodori
948 3341 1059 3396 tamen
1086 3342 1181 3418 atque
1204 3333 1323 3396 Isidori
1346 3332 1540 3396 testimoniis

263 3437 360 3523 plane
383 3459 455 3501 eam
479 3437 630 3502 lacunam
662 3437 795 3523 expleri.
826 3436 930 3523 Adde,
962 3438 1049 3524 quod
1071 3439 1127 3525 qui
1150 3439 1184 3502 in
1208 3439 1318 3503 libello
1342 3438 1382 3504 de
1406 3438 1540 3503 Platone

262 3555 334 3631 post
365 3543 571 3608 dialecticam
605 3543 810 3630 ,6611666116ιι
824 3546 847 3627 ²)
878 3543 1086 3631 interpolavit
1117 3547 1152 3608 in
1183 3547 1375 3632 archetypO,
1409 3546 1540 3609 initium

262 3651 366 3717 libelli
389 3655 453 3738 περὶ
484 3654 629 3740 ἑρμηνείας
660 3661 734 3715 6616
765 3651 876 3717 666166
907 3651 1059 3717 habuisse
1082 3651 1220 3718 videtur.
1246 3652 1464 3719 Hildebrandi
1488 3674 1540 3716 ar-

263 3772 453 3845 gumentum
477 3781 519 3823 ex
542 3759 696 3822 orationis
719 3759 828 3824 indole
851 3761 986 3847 petitum
1010 3759 1105 3823 nihili
1130 3781 1200 3824 esse
1216 3760 1439 3847 unusquisque
1463 3782 1540 3824 con-

264 3865 364 3949 cedet,
387 3867 441 3952 qai
464 3866 631 3929 materiam
655 3867 758 3951 ipsam
783 3868 925 3932 maxime
955 3866 1080 3931 aridam
1104 3876 1199 3952 atque
1221 3868 1364 3930 ieiunam
1387 3888 1539 3953 respexe-

263 3976 314 4038 rit.
338 3972 403 4052 Qui
427 3994 505 4036 vero
529 3973 563 4035 in
594 3971 797 4059 philosophia
820 3974 934 4037 morali
965 3972 1067 4036 multa
1097 3972 1138 4036 ab
1168 3973 1307 4059 Apuleio
1339 3974 1383 4060 (61
1406 3972 1539 4059 Albino)

263 4104 321 4169 pro
344 4079 523 4144 Platonicis
547 4079 679 4143 vendita
702 4079 795 4165 vidit,
825 4103 907 4166 quae
931 4103 950 4143 a
972 4080 1108 4144 Platone
1138 4080 1337 4145 alienissima
1360 4092 1445 4165 6661,
1475 4103 1541 4144 666

263 4186 445 4271 mirabitur,
469 4188 496 4250 si
521 4184 560 4250 *et
582 4186 637 4250 hic
661 4188 949 4274 Peripateticorum
980 4197 1011 4251 et
1034 4186 1216 4252 Stoicorum
1239 4188 1358 4275 placita
1381 4188 1442 4252 sub
1467 4186 1541 4252 Pla-

262 4295 347 4359 tonis
372 4294 522 4358 feruutur
545 4295 684 4357 nomine.
708 4294 813 4377 Magis
845 4293 1031 4357 mirandum
1055 4304 1111 4376 661,
1135 4294 1221 4380 quod
1244 4294 1400 4380 Zellerus,
1422 4295 1478 4380 qui
1509 4304 1542 4358 et

263 4402 334 4488 ipse
356 4401 470 4466 Albini
495 4400 687 4487 placitorum
711 4401 1016 4465 contaminationem
1044 4400 1179 4466 adrem
1202 4400 1429 4466 illustrandam
1453 4423 1541 4466 com-

371 4653 391 4718 ¹)
409 4669 488 4718 quem
505 4652 636 4702 Thesauri
654 4653 671 4704 1.
685 4654 715 4704 L.
731 4652 844 4702 editores
863 4653 948 4703 secuti
966 4659 1035 4702 sunt.
1092 4649 1112 4719 ²)
1132 4669 1156 4716 p.
1175 4649 1218 4714 65,
1237 4650 1280 4715 22,
1299 4653 1368 4716 quod
1387 4653 1442 4702 iam
1460 4651 1541 4702 Gold-

262 4742 395 4793 bacherus
414 4743 611 4792 animadvertit.
