3608 5460
218 461 291 532 [169]
370 486 412 526 on
426 485 537 527 aeunni
554 464 591 525 'nu
607 487 710 526 aranu
725 485 898 527 noeumane
913 485 1101 527 amomon-n
1115 486 1354 528 auunarmrronn
1454 464 1496 526 41

217 675 419 759 memoravit,
447 697 512 739 non
543 673 775 738 animadvertit
806 674 840 736 in
871 673 986 740 Albini
1016 673 1120 739 libelli
1143 697 1208 738 uno
1232 677 1338 761 capite
1361 675 1498 740 eandem

217 783 387 846 materiam
425 781 620 846 brevissime
655 779 921 865 comprehensam
956 803 1034 846 esse.
1092 783 1184 863 Quae
1223 804 1297 846 oum
1336 783 1383 846 ita
1425 783 1498 866 sint,

218 887 300 952 nihil
331 888 447 973 obstat,
474 889 647 974 quominus
671 886 871 971 Cassiodoro,
894 887 1030 972 Isidoro,
1055 887 1223 954 codicibus
1246 888 1344 954 fidem
1375 889 1499 954 tribua-

218 1017 291 1059 mus
323 1005 355 1059 et
384 993 532 1058 libellum
563 1016 621 1079 pro
644 994 826 1081 Apuleiano
850 993 1036 1059 habeamus.
1069 995 1187 1082 Apulei
1216 1018 1333 1059 nomen
1357 993 1499 1081 exempli

218 1103 324 1186 gratia
347 1100 507 1188 prolatum
527 1100 708 1165 illustratur
731 1101 1018 1186 grammaticorum
1042 1101 1285 1186 consuetudine,
1308 1124 1388 1188 quos
1411 1102 1500 1165 idem

219 1209 347 1297 saepius
370 1208 488 1273 fecisse
518 1216 644 1272 constat
653 1208 687 1292 ¹).
733 1207 798 1274 Sed
828 1209 1060 1293 gravissimum
1091 1212 1245 1283 αύθεντίας
1269 1208 1498 1273 documentum

218 1315 280 1380 hoe
302 1337 373 1380 esse
396 1315 490 1379 nobis
520 1314 660 1399 videtur,
682 1314 770 1401 quod
793 1314 952 1400 Apuleius
980 1313 1121 1379 eundem
1144 1315 1267 1380 fontem
1291 1326 1365 1380 ante
1389 1315 1499 1379 oculos

218 1422 341 1508 habuit,
364 1444 461 1509 quern
485 1443 560 1486 cum
583 1420 704 1485 Albino
733 1422 769 1485 in
793 1420 927 1507 reliquis
953 1420 1176 1508 philosophiae
1199 1422 1346 1508 partibus
1370 1433 1500 1486 secutus

219 1540 275 1594 est.
297 1529 370 1594 Iam
393 1528 543 1594 conferas
566 1529 661 1594 haec:

406 1674 484 1738 Apul.
504 1674 586 1723 herm.
605 1674 634 1724 in
1101 1673 1160 1725 Alb.
1180 1689 1203 1725 o.
1223 1672 1240 1724 3
1259 1674 1294 1722 in.

219 1763 337 1813 studium
355 1763 513 1828 sapientiae,
532 1763 602 1827 quod
625 1763 822 1830 philosophiam
894 1761 909 1827 ἡ
929 1759 1056 1829 φιλοσοφία
1081 1758 1144 1810 ἐστὶν
1167 1758 1241 1826 ὄρεξις
1261 1759 1360 1829 σοφίας·
1380 1760 1395 1827 ἡ
1414 1757 1439 1810 δὲ
1457 1763 1501 1810 τοῦ

218 1867 356 1919 vocamus,
369 1852 503 1918 plerisque
522 1852 629 1902 videtur
647 1859 701 1903 tres
720 1853 823 1917 species
896 1849 1029 1918 φιλοσόφου
1048 1848 1139 1916 σπονδὴ
1162 1847 1186 1900 ἐν
1203 1848 1277 1916 τρισὶν
1295 1848 1367 1900 ἔοικεν
1384 1843 1501 1900 εἶναικο-

220 1956 267 1990 seu
286 1949 375 2006 partes
394 1941 505 1992 habere:
524 1941 685 2003 naturalem,
698 1941 825 1992 moralem
898 1938 972 1991 λεἰται
989 1937 1015 1990 δὲ
1033 1940 1049 2006 ἡ
1067 1937 1110 2009 μὲν
1127 1941 1175 1989 τῶν
1199 1936 1273 1991 ὄντων
1296 1941 1383 2008 γνῶσις
1406 1937 1501 2005 θεωρη-

412 2037 439 2081 et
457 2032 625 2082 rationalem.
893 2029 956 2097 τική,
977 2029 990 2096 ἡ
1008 2026 1034 2079 δὲ
1052 2027 1104 2096 περὶ
1122 2026 1152 2078 τὰ
1164 2028 1273 2094 πρακτέα
1298 2029 1423 2096 πρακτική,
1442 2027 1457 2093 ἡ
1475 2025 1501 2077 δὲ

1014 2116 1067 2184 περὶ
1084 2115 1125 2168 τόν
1142 2116 1217 2187 λόγον
1238 2116 1380 2181 διαλεκτική.

1146 2243 1168 2279 e.
1188 2226 1205 2279 6
1224 2227 1260 2276 ἰιι.

219 2317 469 2381 propositionum...
490 2317 559 2367 duae
579 2317 681 2381 species
701 2323 771 2379 sunt,
784 2316 823 2365 al·
895 2319 938 2365 τοῦ
961 2313 987 2365 δὲ
1010 2314 1094 2385 λόγου,
1119 2313 1148 2365 ὃν
1171 2313 1293 2384 καλοῦμεν
1314 2316 1434 2381 πρότασιν,
1458 2312 1501 2362 δύο

220 2412 279 2455 tera
296 2406 489 2470 praedicativa,
515 2422 582 2471 quae
608 2407 690 2456 etiam
709 2406 822 2470 simplex
894 2402 956 2455 ἐσὲιν
974 2401 1033 2471 εἴδη.
1044 2444 1065 2459 .,
1085 2405 1133 2454 τῶν
1150 2401 1176 2454 δὲ
1194 2403 1334 2470 προτάσεων
1346 2401 1369 2452 αἱ
1381 2400 1423 2472 μὲν
1440 2419 1498 2454 κατ-

221 2499 301 2546 est...
322 2495 410 2545 altera
428 2496 603 2545 substitutiva
628 2495 671 2544 vel
691 2496 824 2546 condicio·
896 2493 1003 2564 ηγορικαί
1022 2491 1085 2560 εἰσιν,
1104 2492 1127 2544 αἱ
1145 2491 1171 2543 δὲ
1184 2493 1331 2544 teuderaci.
1350 2489 1503 2561 κατηγορικαλ

274 2584 353 2648 nelis,
372 2600 441 2647 quae
460 2586 541 2634 etiam
561 2585 709 2649 composita
728 2591 776 2636 eat.
897 2581 938 2652 μὲν
962 2581 1080 2636 ialal...
1107 2581 1246 2633 duodenarii
1270 2583 1295 2632 δέ
1320 2579 1374 2632 εἰσιν
1399 2580 1421 2632 αἱ
1445 2579 1501 2631 ἀκο-

1011 2671 1112 2722 λουθίαν
1130 2671 1245 2738 δηλοῦσαι
1262 2672 1277 2735 ἢ
1296 2669 1400 2740 pol-pqr.¹

328 2797 420 2860 Haec
444 2795 512 2860 sola
535 2798 562 2860 si
586 2796 726 2883 Apuleio
751 2818 825 2861 cum
849 2796 968 2861 Albino
993 2808 1101 2862 essent
1117 2798 1311 2880 communia,
1327 2818 1502 2880 argumen-

220 2914 290 2968 tum
314 2902 455 2969 debilius
487 2916 580 2969 esset.
612 2903 677 2971 Sed
705 2925 779 2968 cum
801 2905 867 2967 iam
897 2903 1151 2970 demonstratum
1177 2903 1276 2967 sitin
1300 2901 1503 2989 philosophia

220 3011 361 3076 naturali
385 3021 416 3075 et
446 3011 562 3075 morali
594 3010 820 3075 adumbranda
849 3011 1025 3099 Apuleium
1057 3011 1118 3078 hoo
1148 3010 1244 3074 modo
1276 3033 1350 3074 cum
1382 3009 1502 3083 Albino

222 3118 403 3199 cohaerere,
437 3129 471 3182 ut
501 3118 624 3182 fontem
656 3139 861 3182 communem
892 3119 1011 3205 partim
1041 3118 1156 3182 eadem
1179 3129 1276 3204 atque
1298 3116 1355 3180 ille
1378 3117 1503 3180 ratione

222 3227 395 3299 exscribat,
419 3227 536 3311 partim
559 3225 655 3312 plura
679 3247 720 3289 ex
744 3246 781 3290 eo
805 3226 965 3312 decerpat,
988 3227 1107 3313 partim
1132 3249 1173 3290 ex
1197 3224 1331 3290 Platone
1346 3223 1504 3287 nonnulla

222 3332 379 3421 suppleat,
402 3355 467 3396 non
491 3330 712 3397 dubitabimus
737 3331 903 3398 affirmare
927 3343 958 3397 et
980 3332 1041 3396 hoc
1065 3332 1136 3396 loco
1157 3330 1278 3396 fontem
1297 3353 1503 3396 communem

222 3438 406 3504 uberiorem
424 3438 551 3525 luisse,
586 3463 628 3504 ex
661 3463 724 3526 quo
760 3438 900 3504 Albinus
934 3441 1140 3526 paucissima,
1175 3438 1334 3525 Apuleius
1363 3437 1504 3524 plurima

221 3546 432 3611 transtulerit.
456 3546 570 3632 Itaque
593 3569 659 3610 non
683 3546 786 3611 solum
810 3548 844 3610 in
869 3548 1086 3633 propositione
1106 3546 1315 3630 enucleanda,
1332 3543 1503 3609 sedetiam

221 3656 256 3717 in
281 3653 429 3718 doctrina
453 3652 718 3741 syllogismorum
741 3653 934 3739 exponenda
958 3654 1139 3718 communis
1163 3652 1236 3717 sons
1261 3653 1367 3737 detegi
1391 3659 1505 3739 potest.

222 3762 308 3826 Nam
331 3759 514 3848 syllogismi
532 3759 686 3845 definitio,
709 3782 807 3846 quam
832 3759 972 3825 Albinus
996 3764 1037 3847 (p.
1063 3762 1115 3844 14,
1145 3763 1184 3826 17
1210 3763 1289 3846 sqq.)
1313 3781 1354 3823 ex
1377 3759 1503 3822 Aristo-

221 3868 284 3933 tele
308 3867 471 3954 decerpsit
494 3867 600 3949 (Anal.
631 3889 677 3954 pr.
711 3869 738 3951 1,
765 3870 793 3952 1,
817 3867 859 3949 h),
881 3888 956 3931 eum
981 3869 1122 3932 auctoris
1146 3869 1276 3930 nomine
1300 3865 1340 3929 ab
1365 3864 1503 3952 Apuleio

223 3975 394 4062 profertur.
441 3976 548 4039 Etiam
571 3974 722 4062 exempla
748 3972 905 4037 nonnulla
937 3975 1065 4060 utrique
1097 3975 1282 4039 communia
1305 3983 1393 4036 sunt:
1416 3979 1431 4036 ό
1456 3979 1504 4034 ἄν·

223 4087 338 4169 opero<
374 4074 447 4164 ζῷον
482 4081 594 4145 Albini
630 4087 671 4169 (p.
709 4083 758 4165 14,
789 4082 845 4167 32)
876 4082 1051 4167 respondet
1082 4080 1282 4167 Apuleianae
1310 4082 1503 4144 sententiae:

223 4212 351 4254 omnem
375 4188 541 4253 hominem
557 4188 678 4253 animal
695 4211 779 4271 esse3
802 4192 846 4263 τὶς
867 4181 956 4278 ἡδονὴ
980 4193 1033 4251 οὐκ
1057 4189 1176 4274 ἀγαθόν
1199 4187 1242 4273 (p.
1260 4189 1310 4261 14,
1328 4189 1382 4272 19)
1398 4176 1503 4249 omnis

223 4296 373 4382 voluptas
397 4296 519 4361 bonum
544 4308 603 4378 est,
630 4299 673 4370 τὶς
703 4289 791 4384 ἡδονὴ
824 4300 878 4360 οὐκ
901 4297 1020 4382 ἀγαθόν
1053 4294 1121 4380 (ib.)
1144 4295 1249 4357 omnis
1273 4294 1423 4379 voluptas
1446 4293 1504 4357 bo-

332 4493 350 4559 1)
370 4509 394 4544 v.
414 4495 481 4543 Plot.
508 4495 613 4544 Saoerd,
642 4509 753 4559 gramm.
782 4495 820 4542 Vl
848 4511 872 4557 p.
901 4490 963 4557 447,
983 4491 1017 4544 18
1036 4492 1179 4543 Sacerdote
1199 4491 1323 4554 docente3
1344 4508 1368 4554 p.
1389 4488 1449 4551 517,
1469 4489 1504 4542 24

224 4581 302 4631 simul
323 4581 396 4631 dedit
415 4598 459 4631 ore
486 4582 630 4647 Sacerdos3
658 4598 683 4646 p.
703 4579 764 4646 536,
795 4581 828 4632 13
854 4582 881 4631 di
900 4582 964 4633 boni
983 4587 1088 4631 servate
1117 4581 1302 4644 Sacerdotem,
1330 4597 1355 4645 p.
1383 4577 1444 4640 539,
1470 4578 1504 4630 15

224 4671 309 4720 istaec
327 4672 463 4734 composui
486 4678 572 4720 metra
597 4670 725 4721 Sacerdos
744 4671 845 4734 optima
863 4685 935 4721 nuno
953 4672 989 4721 cf.
1009 4669 1113 4719 Dosith.
1133 4684 1244 4734 gramm.
1264 4669 1316 4718 VII
1335 4685 1359 4732 p.
1379 4666 1439 4731 407,
1460 4667 1503 4732 19,

223 4757 284 4823 413,
305 4757 346 4811 25.
