3608 5460
354 458 395 522 18
843 483 1027 524 insunuans
1047 483 1136 525 sisxo
1559 475 1632 545 [146]

351 679 422 732 πᾶσι
444 679 524 758 κοινῇ
548 669 737 757 ξυμφέροντος
761 672 800 752 ἐι)
831 672 1023 751 βουλεύεσθαι
1034 676 1070 754 1);
1104 670 1352 758 „relegatam...
1385 671 1515 757 longius
1537 694 1557 735 a
1581 695 1631 736 sa·

352 777 474 863 pientia
496 776 582 841 hanc
612 787 736 863 partem
768 776 884 863 videri,
914 800 955 842 ne
985 779 1172 865 importuna
1202 779 1441 843 vicinitate
1472 781 1631 843 rationem

353 883 573 949 consulturum
600 884 739 970 desuper
762 896 952 949 cunctorum
977 883 1075 949 saluti
1097 887 1132 948 in
1155 887 1227 972 ipsa
1243 887 1475 971 cogitationum
1492 884 1632 951 utilitate

353 991 529 1056 turbaret“.
552 990 677 1056 Eadem
709 992 906 1077 comparatio
938 991 1040 1076 docet,
1071 1015 1168 1078 quam
1199 1015 1278 1058 vera
1310 994 1352 1056 sit
1379 992 1531 1059 Salmasii
1555 1014 1631 1058 con-

353 1100 478 1163 iectura
495 1097 756 1185 „consulturam“
775 1099 947 1164 scribentis
962 1122 1021 1185 pro
1037 1099 1188 1164 codicum
1204 1099 1343 1164 lectiono
1357 1101 1634 1186 „consumptam“.

459 1205 579 1269 Tribus
603 1206 735 1270 animae
758 1204 906 1292 partibus
928 1227 1104 1291 earumque
1133 1204 1265 1270 sedibus
1290 1207 1548 1271 commemoratis
1564 1207 1632 1293 pri-

354 1335 425 1377 mae
447 1313 549 1399 partis
574 1312 685 1375 sedem
708 1310 856 1398 pluribus
879 1311 1037 1377 describit
1059 1311 1220 1398 Apuleius
1234 1323 1401 1398 totumque
1416 1313 1580 1377 hominem
1596 1315 1631 1375 in

354 1421 458 1506 capite
482 1417 639 1504 vultuque
662 1441 733 1483 esse
757 1419 849 1504 dicit,
870 1421 922 1484 cui
946 1430 1054 1484 cetera
1081 1419 1227 1484 membra
1258 1421 1467 1485 subserviant
1476 1423 1513 1506 “-’)ι
1544 1432 1632 1484 τοῦτο

353 1527 439 1590 turs
461 1525 591 1614 κεφαλὴν
615 1517 837 1613 ἐπονομάζομεν,
860 1525 876 1589 ὁ
899 1527 1056 1590 θειότατόν
1078 1527 1113 1590 τέ
1137 1528 1199 1589 ἐστι
1221 1529 1353 1591 καὶτῶν
1377 1530 1406 1590 ἐν
1429 1532 1496 1614 ημῖν
1511 1529 1631 1592 πάντων

354 1627 564 1711 ὁεσπατοῢν·ᾧ
587 1636 636 1697 καὶ
658 1642 716 1697 πᾶν
745 1634 782 1698 τὸ
805 1645 888 1710 σῶμα
917 1626 1080 1721 παρέδοσαν
1103 1636 1257 1722 ὑπηρεσίαν
1268 1637 1300 1715 ³).
1347 1633 1533 1699 Platonicae
1555 1658 1632 1699 nar-

354 1741 488 1805 rationis
519 1751 664 1804 tenorem
694 1741 868 1827 interrupit
899 1739 1059 1827 Apuleius
1091 1741 1263 1806 sententia:
1298 1763 1392 1826 „nam
1425 1741 1631 1827 prudentiam

354 1870 532 1934 sensusque
555 1849 660 1911 omnis
684 1870 749 1911 non
766 1846 858 1931 alias,
881 1869 978 1933 quam
993 1845 1051 1910 illa
1066 1857 1157 1933 parte
1173 1848 1317 1934 corporis
1333 1849 1525 1931 contineri“‚
1549 1872 1633 1935 quae

353 1955 404 2019 his
427 1954 541 2018 Albini
564 1953 750 2041 respondet:
774 1957 803 2017 ὲν
826 1958 1000 2043 κεφαλῇ...
1033 1958 1083 2017 καὶ
1104 1955 1140 2018 ad
1163 1956 1328 2042 λογιστικὸν
1352 1959 1401 2018 καὶ
1423 1957 1458 2018 τὸ
1482 1967 1573 2043 κρῖνον
1595 1980 1631 2020 τε

353 2066 402 2127 καὶ
425 2066 553 2148 θεωροῦν
565 2063 599 2147 4).
623 2061 732 2125 Etiam
755 2083 838 2147 quae
861 2061 902 2125 de
925 2060 1082 2126 membris
1105 2071 1281 2125 narrantur
1296 2061 1386 2125 cibos
1402 2061 1632 2127 administran-

353 2170 440 2234 tibus
464 2167 640 2232 Albiniana
663 2178 752 2232 sunt:
776 2159 923 2232 διοικεῖται
945 2171 994 2230 ααὶ
1008 2171 1049 2232 τὰ
1072 2172 1149 2232 σιτία
1159 2173 1191 2248 ⁶).
1215 2169 1331 2234 Cetera
1346 2191 1387 2232 ex
1403 2169 1537 2233 Platone
1553 2191 1631 2256 pen-

355 2277 444 2341 dent:
467 2276 604 2340 membro
627 2286 791 2340 vectare..
815 2273 953 2338 sublime
975 2275 1117 2361 positum
1148 2283 1259 2360 caput:
1289 2277 1390 2362 ὄχημα
1418 2281 1551 2357 αὐτῷ...
1582 2280 1633 2340 καὶ

354 2386 485 2469 εὐπορίαν
508 2373 673 2445 ἐὸωσαν...
699 2382 782 2468 μέρον
804 2385 912 2468 οἴκησιν
936 2383 1088 2446 ἐπαίνωθεν
1103 2381 1229 2469 ημῶνθ).
1251 2380 1426 2467 Subiungit
1449 2381 1542 2447 Plato
1558 2406 1632 2448 sen-

353 2491 489 2554 tentiam
511 2488 610 2574 capiti
634 2487 752 2552 faciem
776 2487 885 2551 datam
909 2509 979 2553 esse
1002 2489 1090 2552 etin
1114 2487 1198 2552 facie
1221 2489 1392 2553 universae
1422 2490 1524 2552 animi
1554 2512 1631 2574 pru-

355 2597 483 2662 dentiae
505 2597 721 2659 instrumenta
745 2596 899 2683 (ὅργανα..
924 2604 1003 2683 ποίση
1026 2604 1066 2684 τῇ
1088 2603 1142 2682 τῆς
1162 2593 1256 2683 ψυχῆς
1277 2599 1438 2682 προνοίαί).
1463 2595 1633 2682 Apuleius,

353 2705 409 2791 qui
433 2702 561 2784 modo⁸)
585 2723 627 2766 ex
650 2701 771 2766 Albino
794 2702 930 2766 eandem
954 2703 1115 2789 expressit
1138 2704 1340 2779 sententiam,
1364 2702 1425 2766 hoc
1448 2703 1520 2766 loco
1543 2726 1630 2767 rur-

355 2834 424 2875 sus
446 2833 518 2874 eam
541 2833 560 2874 e
583 2809 718 2873 Platone
740 2811 865 2895 repetit,
889 2832 965 2874 cum
988 2809 1079 2875 dicit:
1106 2809 1183 2894 „sed
1208 2820 1240 2874 et
1262 2809 1531 2893 machinamenta,
1560 2812 1630 2897 qui-

353 2920 415 2984 bus
439 2916 480 2980 ad
505 2916 689 2981 sentiendas
713 2927 745 2980 et
767 2916 994 2981 diiudicandus
1017 2915 1188 3002 qualitates
1219 2939 1333 2980 sensus
1364 2917 1516 2981 instructi
1548 2928 1632 3002 sunt,

354 3024 523 3090 ibidem...
548 3025 723 3088 constituta
746 3024 835 3088 esse“
848 3023 882 3109 9).
906 3024 990 3087 Nota
1005 3023 1094 3087 hunc
1109 3023 1227 3109 Apulei
1243 3045 1395 3108 errorem,
1417 3025 1473 3109 qui
1489 3022 1546 3086 illa
1562 3046 1630 3087 ma-

356 3132 570 3214 chinamenta,
595 3153 676 3217 quae
699 3153 718 3194 a
742 3129 890 3194 sensibus
914 3129 1010 3215 plane
1032 3152 1096 3193 uon
1122 3140 1196 3193 sunt
1227 3129 1366 3214 diversa,
1397 3152 1462 3194 non
1494 3130 1631 3215 animae,

355 3238 413 3304 sed
436 3237 586 3302 sensibus
609 3237 790 3322 adscripsit.
813 3238 964 3301 Fortasse
987 3235 1099 3300 Albini
1122 3259 1196 3300 eum
1213 3235 1430 3300 confuderunt
1450 3235 1559 3321 verba,
1575 3236 1632 3322 qui

355 3347 452 3410 dixit:
475 3347 537 3430 περὶ
560 3338 593 3408 ὁὲ
616 3346 651 3407 τὸ
674 3346 825 3432 πρόσωπον
849 3348 956 3408 ἔθεσαν
979 3344 1019 3406 ταὶ
1041 3354 1100 3407 τῶν
1124 3346 1320 3431 αἰσθητηρίων
1343 3344 1452 3431 ὄργανα
1463 3348 1510 3423 10).

461 3452 512 3516 De
536 3473 690 3514 sensuum
713 3451 905 3535 cognatione
928 3450 1068 3536 quadam
1084 3471 1159 3513 cum
1175 3450 1231 3532 eis,
1254 3472 1337 3535 quae
1353 3451 1502 3513 sensibus
1525 3451 1631 3535 perci-

354 3562 498 3647 piuntur,
513 3569 624 3621 narrat
641 3556 741 3642 Plato,
757 3579 832 3622 cum
847 3556 959 3621 oculos
971 3555 1160 3621 describens
1172 3556 1264 3620 dicit:
1280 3558 1315 3620 τό
1327 3581 1360 3619 τε
1378 3561 1518 3619 ἐκπῖπτον
1534 3559 1632 3642 ὅμοιον

355 3670 422 3755 πρὸς
445 3668 589 3751 ὅμ.οιον..,
615 3669 644 3727 ἓν
668 3675 754 3750 σῶμα
776 3665 925 3729 οἰκειωθέν
948 3664 1117 3751 συνέστη...
1149 3665 1324 3749 ὁμοιοπαθὲς
1347 3655 1384 3749 θη
1413 3655 1448 3726 δι’
1471 3665 1631 3750 ὁμοιότητα

355 3783 414 3837 πᾶν
436 3773 648 3861 γενόμενονΙῙ).
671 3772 778 3853 Quam
802 3772 995 3836 sententiam
1018 3770 1158 3834 Albinus
1181 3771 1226 3834 ita
1248 3772 1419 3856 expressit,
1451 3779 1486 3833 ut
1510 3769 1631 3835 scribe-

355 3891 416 3946 ret:
440 3881 456 3943 ὁ
478 3882 624 3968 γινόμενον
647 3878 799 3964 συμπαθὲς
822 3890 866 3960 τῷ
890 3878 1010 3964 ἔξωθεν,
1033 3880 1129 3965 ὅμοιον
1143 3881 1241 3963 ὁμοίῳ,
1256 3877 1392 3965 ὁρατικὴν
1408 3881 1542 3964 αἴσθησιν
1556 3903 1633 3960 παρ-

356 3991 516 4075 sperate).
540 3986 621 4050 Inde
645 3984 804 4072 Apuleius
850 4008 908 4049 sua
932 3985 1086 4050 conflavit
1109 3994 1141 4048 et
1163 3982 1207 4047 ad
1227 3983 1370 4069 reliquos
1394 3985 1492 4048 etiam
1517 4007 1631 4049 sensus

356 4092 522 4158 transtulit
533 4097 580 4176 ¹³),
591 4094 626 4156 in
640 4092 842 4178 singulorum
857 4115 1008 4157 sensnum
1022 4092 1216 4177 proprietate
1230 4090 1413 4155 definienda
1425 4089 1582 4155 Albinum
1594 4097 1632 4174 14)

357 4211 495 4266 secutus.
519 4198 596 4266 Sola
615 4200 753 4264 olfactus
770 4199 944 4285 descriptio
967 4198 1008 4262 ad
1026 4196 1193 4262 Platonem
1206 4198 1244 4285 15)
1268 4198 1399 4283 propius
1416 4198 1549 4263 accedit.
1566 4199 1631 4262 Hic

356 4309 444 4372 enim
467 4307 551 4370 dixit
582 4306 712 4371 odorem
745 4306 884 4370 existere
914 4327 978 4369 non
1010 4303 1122 4389 solere,
1152 4306 1216 4368 nisi
1255 4327 1329 4369 cum
1353 4304 1476 4390 aliquid
1501 4305 1631 4370 madefit

465 4487 484 4550 ¹)
502 4487 569 4536 Tim.
589 4486 624 4536 70
642 4488 672 4537 Ε.
746 4484 766 4549 ¹)
785 4503 810 4550 p.
830 4484 873 4549 75,
892 4484 916 4537 9.
991 4482 1011 4553 ⁹)
1031 4484 1098 4536 itm.
1112 4483 1147 4536 44
1164 4486 1197 4534 D.
1270 4481 1290 4548 ⁴)
1309 4500 1334 4547 p.
1353 4482 1395 4537 29.
1415 4481 1439 4536 9.
1513 4482 1533 4550 ⁶)
1551 4502 1577 4549 p.
1596 4482 1634 4536 28

356 4581 423 4626 extr.
496 4571 517 4638 ⁰)
536 4575 602 4623 Tim.
622 4573 658 4626 44
676 4577 705 4627 E.
781 4572 800 4639 τ)
818 4573 977 4627 Timaea,
1050 4571 1194 4640 ⁸)p.75‚9
1213 4589 1251 4638 sq.
1324 4569 1344 4636 9)
1357 4573 1393 4623 ib.
1407 4588 1432 4624 v.
1447 4571 1488 4624 14.
1563 4571 1595 4640 ¹⁰)
1607 4589 1630 4624 c.

358 4663 399 4728 17,
418 4681 444 4728 p.
472 4660 516 4727 28,
543 4662 585 4714 22.
660 4666 691 4727 11)
710 4664 776 4715 Tim.
805 4660 840 4714 45
868 4663 896 4713 C.
972 4660 1002 4731 ¹¹)
1021 4679 1047 4727 p.
1075 4661 1118 4724 29,
1146 4660 1180 4713 19
1208 4678 1246 4726 sq.
1320 4658 1351 4727 ¹⁸)
1379 4678 1404 4726 p.
1433 4661 1475 4724 75,
1500 4661 1632 4714 19-25.

358 4750 390 4819 ¹⁴)
408 4769 431 4804 c.
452 4752 485 4804 18
504 4753 540 4801 in.
560 4750 593 4802 19
613 4753 648 4802 in.
669 4754 703 4803 cf.
722 4768 747 4816 p.
767 4751 810 4813 30,
831 4751 864 4803 17
882 4754 972 4819 γεῦσιςς
991 4753 1027 4803 ib.
1048 4767 1072 4802 ν.
1093 4750 1127 4801 32
1146 4747 1238 4813 barad.
1314 4747 1344 4818 16)
1363 4751 1429 4803 Tim.
1455 4749 1490 4803 66
1509 4753 1541 4803 D.
