3608 5460
230 421 305 490 11351
385 445 551 488 1111616161
568 447 606 484 ar
622 444 724 484 116116
740 443 913 484 coenamus
929 442 1118 483 1611661616
1132 443 1371 484 1666611616616
1494 421 1517 484 ‘i

229 655 280 718 ea,
302 655 387 719 quae
411 632 582 698 scientiam
606 631 720 717 gignat
742 631 847 718 (νόησις
870 633 954 718 κρίνει
977 636 1029 696 οὐκ
1054 638 1120 696 ἄνευ
1146 641 1200 696 τοῦ
1224 634 1444 720 ἐπιστημονικοῦ
1467 633 1516 696 λό-

228 740 308 829 γου);
331 760 472 824 661616,
495 760 579 825 quae
595 738 757 824 opinionis
781 739 855 823 sint,
879 748 1032 803 concreta
1055 738 1286 828 (τόέᾶθροισμα)
1315 761 1386 804 6666
1409 749 1442 804 61
1464 759 1515 803 ra·

227 849 314 917 tione
337 846 453 912 eadem
476 844 533 910 illa
556 867 623 911 non
654 845 725 911 sine
756 867 854 911 sensu
886 846 1049 930 cognosci.
1082 846 1125 910 Et
1154 845 1212 909 1116
1243 845 1519 932 contemplatione

229 953 367 1040 ostendi,
397 953 477 1040 quid
507 975 622 1019 verum
655 953 704 1037 sit,
737 951 816 1038 quid
846 951 968 1016 falsum
1002 952 1050 1037 (τό
1081 953 1194 1040 ἀληθὲς
1224 955 1273 1016 καὶ
1300 951 1399 1040 τὸμὴ
1423 953 1519 1026 οὕτως

229 1061 320 1149 epea),
349 1061 411 1126 1166
443 1057 703 1125 consideratione
734 1058 917 1142 diiudicari,
948 1059 1028 1145 quid
1059 1061 1236 1146 proprium,
1267 1060 1346 1145 quid
1373 1060 1516 1123 alienum

230 1168 272 1256 (τί
293 1170 330 1233 τὸ
352 1174 452 1233 οἰκεῖον
474 1170 524 1232 καὶ
553 1169 583 1231 τί
605 1168 640 1231 τὸ
667 1166 832 1255 ἀλλότριον)
845 1168 877 1252 1).
903 1205 945 1213 —-
969 1166 1065 1232 Hanc
1100 1166 1233 1252 quidem
1264 1166 1429 1253 duplicem
1461 1189 1516 1230 co-

228 1273 410 1359 gnoscendi
433 1275 592 1339 rationem
614 1272 775 1359 Apuleius
799 1274 897 1338 etiam
921 1273 1022 1337 altero
1046 1272 1119 1337 1666
1130 1273 1154 1358 ²)
1177 1272 1269 1338 nulla
1292 1273 1376 1358 data,
1400 1273 1458 1339 sed
1480 1274 1516 1338 vi

231 1392 362 1466 arrepta
384 1383 554 1446 occasione
576 1382 695 1467 repetit
716 1381 771 1466 ita,
794 1390 829 1444 ut
852 1403 936 1467 quae
960 1402 1059 1466 supra
1082 1378 1123 1445 de
1154 1379 1282 1446 duabus
1315 1381 1435 1445 dixerit
1466 1403 1516 1445 es-

230 1489 352 1574 sentiis,
374 1487 429 1553 hic
452 1487 525 1553 aliis
549 1487 660 1554 verbis
692 1486 733 1551 de
763 1488 850 1553 binis
881 1510 990 1552 rerum
1014 1489 1149 1572 6616116,
1173 1487 1387 1575 opinionabili
1411 1498 1443 1552 et
1465 1489 1517 1550 in-

228 1593 400 1680 tellegibili
424 1595 563 1660 disserat
586 1593 701 1660 ordine
725 1596 960 1659 sententiarum
982 1596 1124 1681 inverso,
1148 1619 1184 1660 re
1205 1597 1278 1681 ipsa
1301 1618 1367 1658 non
1383 1605 1518 1659 mutata.

231 1702 314 1767 llam
340 1701 386 1766 ibi
408 1703 552 1788 primum
576 1702 617 1767 de
639 1703 781 1767 essentia
804 1701 983 1787 cogitabili,
1013 1713 1084 1766 tum
1108 1701 1148 1767 de
1172 1701 1321 1766 sensibili
1344 1701 1445 1768 verba
1469 1700 1516 1766 fe·

189 1803 191 1808 ’
231 1809 284 1894 eit,
306 1808 361 1874 hic
384 1830 493 1874 rerum
516 1818 634 1872 natura
658 1799 786 1889 δοξαστή
821 1807 1028 1895 intellegibili
1064 1808 1236 1874 antecedit.
1265 1848 1306 1855 -—
1330 1809 1432 1875 Cuius
1466 1829 1517 1871 re-

230 1915 396 2001 petitionis
420 1937 519 1980 66666
538 1936 620 2001 quae
636 1913 782 2000 putanda
798 1916 848 1999 sit,
872 1916 936 1979 iam
953 1916 1221 1980 commonuimus
1245 1915 1404 2000 Apuleius
1419 1915 1518 1994 enim,

231 2043 307 2087 cum
330 2023 470 2107 primam
493 2021 720 2108 disputationis
744 2034 869 2108 partem
901 2023 1071 2106 omisisset,
1094 2045 1158 2108 qua
1187 2021 1228 2086 de
1252 2021 1423 2085 dialectica
1446 2021 1516 2105 agi-

230 2138 341 2193 16161
371 2128 589 2214 cognoscendi
612 2130 746 2214 ratione,
769 2151 810 2192 ne
834 2128 1051 2194 adulterinam
1075 2130 1269 2216 opinionem,
1293 2151 1356 2215 qua
1379 2130 1517 2193 materia

230 2236 417 2321 percipitur.
440 2237 475 2299 in
499 2257 655 2320 suspenso
678 2234 885 2321 relinqueret,
908 2235 1065 2299 nonnulla
1089 2236 1130 2300 de
1156 2235 1375 2321 cognoscendi
1392 2235 1516 2300 ratione

230 2342 366 2430 protulit
388 2344 443 2426 ita,
466 2352 503 2406 ut
525 2343 618 2407 iuxta
640 2364 750 2406 rerum
773 2341 868 2407 initia
890 2365 1062 2429 perperam
1086 2343 1167 2408 duas
1183 2343 1328 2430 posuerit
1350 2343 1516 2427 essentias,

229 2472 289 2535 per
312 2472 392 2535 quas
416 2459 535 2514 cuncta
557 2450 649 2534 gigni
674 2448 802 2514 dixerit.
826 2449 922 2530 Quod
950 2449 1071 2514 falsum
1094 2473 1166 2514 esse
1189 2471 1265 2514 cum
1289 2451 1357 2536 ipse
1382 2471 1517 2535 conspe-

231 2553 344 2640 xisset,
366 2557 504 2621 eandem
533 2578 603 2620 rem
635 2555 740 2620 denuo
770 2556 974 2621 tractandam
1005 2559 1181 2644 proposuit,
1210 2579 1282 2621 cum
1308 2579 1366 2643 pro
1389 2556 1516 2621 duabus

231 2684 342 2727 rerum
373 2663 523 2726 essentiis
554 2661 718 2748 duplicem
750 2685 860 2727 rerum
892 2662 1192 2749 cognoscendarum
1220 2673 1308 2727 recte
1339 2662 1517 2748 explicavit

231 2769 400 2834 rationem.

340 2877 413 2941 Hoc
435 2876 531 2941 modo
563 2878 619 2961 eis,
650 2898 734 2962 quae
757 2878 919 2941 immerito
950 2879 1036 2942 inter
1059 2899 1169 2941 rerum
1192 2877 1287 2940 initia
1311 2876 1352 2940 ab
1377 2876 1516 2962 Apuleio

230 2985 322 3050 illata
352 2995 437 3069 sunt,
467 2985 671 3070 percensitis,
703 2983 743 3048 ad
775 2983 913 3048 61161616
945 2984 1132 3050 accedimus
1164 2984 1302 3068 initium,
1327 2982 1453 3048 scilicet
1475 2983 1517 3047 ad

231 3093 330 3159 ideas.
353 3093 394 3156 In
417 3093 465 3156 eis
489 3091 713 3157 describendis
735 3091 871 3178 inquirit
893 3091 1043 3177 Albinus,
1067 3114 1149 3178 quae
1166 3091 1247 3155 ratio
1271 3089 1452 3155 intercedat
1466 3092 1517 3155 in-

231 3211 282 3280 ter
303 3222 358 3264 eas
382 3208 413 3262 61
437 3198 543 3284 deum,
565 3198 723 3284 homines,
747 3199 926 3280 materiam,
947 3196 1116 3284 mundum,
1140 3196 1278 3284 denique
1306 3199 1392 3262 inter
1416 3208 1517 3263 semet

232 3284 330 3392 ipsas,
353 3316 522 3370 enumerat
545 3329 591 3391 ea,
624 3328 761 3393 quorum
786 3305 896 3370 nullae
924 3316 1000 3369 sunt
1022 3305 1123 3388 ideae,
1148 3316 1180 3370 61
1203 3306 1517 3391 argumentationem

231 3412 365 3500 profert,
387 3433 452 3498 qua
474 3411 629 3498 probatur
652 3413 742 3477 ideas
767 3435 845 3478 vere
869 3413 1009 3478 existere
1020 3417 1052 3495 3).
1085 3412 1159 3492 Qua
1190 3434 1231 3477 ex
1255 3412 1404 3477 doctrina
1427 3411 1515 3497 Apu-

233 3518 318 3583 leius
341 3539 446 3605 pauca
469 3518 649 3605 protulit⁴);
673 3518 764 3584 ideas
788 3530 937 3584 aeternas
954 3543 1025 3585 6666
1049 3517 1156 3600 (εἶναι...
1180 3522 1234 3594 τὰς
1250 3513 1352 3592 ἰδέας...
1370 3517 1517 3604 αἰωνίους),

233 3648 299 3691 non
333 3624 517 3710 corporales
552 3625 725 3711 (61116665),
759 3626 910 3712 exempla
941 3649 1049 3693 rerum
1082 3619 1294 3716 (παράδειγμα)
1306 3627 1339 3711 6),
1370 3623 1516 3709 singulas

234 3733 382 3799 cuiusvis
412 3733 543 3818 generis
556 3735 587 3816 7),
617 3755 755 3819 quarum
785 3734 999 3819 impressione
1030 3756 1141 3797 rerum
1171 3735 1316 3798 omnium
1349 3732 1390 3795 ad
1414 3733 1517 3796 instar

233 3862 329 3906 cerae
352 3839 474 3904 formas
498 3850 530 3904 et
553 3839 763 3924 figurationes
798 3840 922 3926 signari
954 3840 997 3922 (ὃν
1019 3842 1125 3928 τρόπον
1156 3832 1313 3928 σφραγῖδος
1336 3849 1401 3926 μιᾶς
1425 3841 1517 3925 ἐκμα-

233 3958 300 4036 γεῖα
322 3949 435 4035 γίνεται
456 3947 568 4028 πολλά)
591 3945 612 4032 ).

341 4054 488 4118 Tertium
511 4075 622 4117 rerum
645 4054 785 4138 initium,
809 4053 844 4117 id
867 4065 916 4119 est
938 4054 1028 4138 deus,
1051 4054 1093 4118 ab
1117 4054 1238 4119 Albino
1258 4065 1331 4140 post
1345 4053 1516 4118 materiam

235 4172 266 4226 et
288 4160 381 4227 ideas
402 4170 571 4246 uastatur,
595 4170 705 4248 utpote
735 4162 791 4247 qui
823 4170 936 4225 auctor
966 4162 1009 4226 sit
1032 4162 1187 4225 materiae
1210 4160 1293 4225 ideis
1317 4158 1517 4224 formandae.

235 4267 278 4333 Et
301 4289 377 4334 cum
399 4266 576 4333 ineffabilis
600 4269 642 4332 sit
664 4267 820 4357 (ἄρρητος),
843 4269 974 4332 nonnisi
997 4272 1276 4354 argumentatione
1292 4267 1432 4354 quadam
1456 4264 1516 4329 dit

236 4448 501 4457 *av-..m-

345 4516 583 4587 16124116
657 4516 679 4586 ¹)
697 4535 722 4583 r·
743 4518 787 4584 71,
806 4516 902 4572 3-14.
959 4516 979 4581 ⁸)
997 4534 1021 4571 e·
1040 4517 1065 4572 9.
1122 4516 1142 4583 ⁴)
1160 4535 1185 4584 1-
1204 4517 1248 4583 67,
1268 4515 1302 4571 19
1321 4535 1376 4583 111·
1450 4515 1515 4582 *tn

237 4607 280 4674 19,
299 4605 342 4659 32.
415 4605 816 4674 ο)11).1.216111221111.
892 4605 1017 4676 ⁷)p.67,
1041 4606 1251 4660 2261111116.
1273 4606 1350 4672 121).
1371 4605 1438 4658 231
1459 4623 1515 4672 sqq.

236 4693 294 4764 Η.
313 4694 358 4758 23,
377 4695 404 4748 3.
1295 4723 1296 4727 =
