3608 5460
262 468 334 539 [159]
409 477 451 516 nu
467 477 578 517 arnnal
593 477 632 516 nr
646 475 751 515 ansnu
768 475 940 516 nocruruau
956 475 1144 516 PLATONIOAE
1158 475 1397 516 Anuirsusrmnn
1498 454 1540 516 31

260 666 405 752 gendum
429 677 486 729 est.
509 666 550 729 In
580 663 714 750 reliquis
746 686 794 749 ea,
825 686 907 751 quae
930 665 964 727 in
987 663 1080 728 libris
1105 666 1335 751 manuscriptis
1359 664 1542 750 traduntur,

261 775 363 838 artius
391 771 568 859 premenda
598 782 682 857 sunt,
712 793 809 858 quam
833 770 941 836 adhuc
971 771 1082 836 fiebat:
1113 771 1277 835 Fortunae
1309 770 1477 836 commoda
1500 771 1541 837 ad

260 880 362 944 malas
386 890 472 944 artes
493 901 652 943 conversa
675 879 772 943 noxia
797 877 1004 962 videbuntur,
1031 878 1203 965 ,vitiisque
1227 879 1296 963 erit,
1328 879 1445 965 quiea
1468 901 1542 965 pos-

261 987 354 1072 sidet,
377 986 490 1052 haberi
512 986 594 1051 haec
617 988 715 1050 etiam
738 985 837 1070 obit“,
860 1008 942 1072 quae
958 987 1003 1049 ita
1018 987 1166 1050 restituo:
1190 986 1542 1073 <di>vitiasque

262 1095 441 1179 elr]i[t],
465 1095 520 1180 qui
544 1108 694 1163 ea<s>
712 1093 863 1178 possidet,
885 1091 1047 1157 habere
1072 1092 1174 1178 [haec]
1199 1094 1297 1157 etiam
1321 1092 1541 1164 ob<er>it

260 1203 299 1266 In
324 1201 441 1266 lacuna
465 1212 537 1288 post
562 1223 665 1287 ,quae
700 1199 794 1264 sunt“
829 1199 927 1265 facile
961 1200 1082 1287 ,vulgo
1112 1199 1216 1264 mala“
1244 1199 1412 1286 suppletur
1435 1201 1489 1285 (ex
1512 1223 1541 1286 p,

262 1310 313 1395 88,
338 1309 402 1395 28),
426 1309 461 1371 in
484 1307 587 1372 altera
608 1307 729 1373 lacuna
746 1307 851 1393 ,mala
867 1307 963 1371 n0n“.
986 1306 1100 1371 Albini
1122 1309 1163 1372 τοὶ
1185 1309 1330 1395 λεγόμενα
1353 1309 1459 1371 κακοὶ...
1484 1303 1542 1370 οἷον

262 1420 372 1503 ἀτιμίαι
395 1419 444 1479 καὶ
475 1419 565 1502 φυγαὶ
595 1418 643 1479 καὶ
673 1417 806 1500 θάνατοι,
836 1437 919 1501 quae
950 1416 1006 1500 eia,
1037 1436 1119 1501 quae
1143 1407 1313 1503 νομιζόμενα
1338 1415 1443 1502 ἀγαθά
1466 1424 1542 1478 sunt

261 1534 475 1609 opponuntur,
491 1535 526 1587 ut
542 1522 685 1608 divitiae,
708 1524 882 1609 imperium
894 1525 925 1608 ¹),
941 1522 1058 1587 docent
1081 1524 1115 1585 in
1131 1523 1274 1588 uberiori
1290 1521 1346 1586 illo
1362 1521 1541 1608 exemplari

262 1630 358 1694 etiam
370 1632 536 1716 pauperiei
552 1629 667 1696 laudes
682 1630 789 1695 locum
801 1629 922 1695 habere
935 1631 1086 1716 potuisse,
1102 1652 1186 1717 quae
1201 1629 1333 1715 quidem
1349 1629 1389 1694 ab
1402 1628 1541 1716 Apuleio

260 1736 515 1822 proferuntur).
560 1738 684 1801 Earum
707 1737 956 1801 similitudinem
981 1758 1054 1800 cum
1079 1738 1135 1821 eie,
1158 1760 1241 1823 quae
1266 1736 1370 1800 fusius
1394 1737 1429 1800 in
1452 1736 1541 1822 Apo-

260 1843 346 1928 logia
378 1843 502 1931 Apulei
530 1844 745 1928 explanantur
755 1847 779 1928 ³)
810 1843 864 1908 hio
898 1843 1123 1909 tantummodo
1154 1854 1440 1909 commemoratam
1471 1865 1541 1908 esse

261 1949 422 2016 volumus.
447 1953 498 2016 De
522 1951 660 2036 homine,
690 1952 746 2037 qui
778 1962 867 2016 reete
890 1952 1043 2039 pauperie
1068 1974 1127 2016 sua
1150 1953 1260 2035 utitur,
1283 1951 1364 2015 haec
1386 1950 1542 2034 leguntur

260 2058 295 2121 in
319 2081 408 2121 mss:
435 2059 497 2143 ,ad
520 2057 664 2122 tollenda
679 2069 787 2123 cetera
809 2057 944 2122 meliora
960 2082 1035 2123 cum
1051 2064 1133 2141 (tum
1149 2061 1205 2141 ul.)
1221 2058 1436 2144 praestantior
1456 2056 1541 2142 fiet“,

260 2165 378 2252 quibus
401 2165 436 2228 in
467 2164 579 2230 verbis
610 2167 675 2228 iam
706 2166 831 2253 priores
855 2165 994 2230 editores
1022 2165 1195 2252 ,melior
1225 2176 1350 2252 atque
1372 2173 1542 2251 praestan-

258 2273 340 2336 tior“
366 2274 586 2337 restituerunt.
618 2273 671 2337 Ad
695 2274 888 2338 senteutiam
912 2271 1140 2338 illustrandam
1164 2273 1289 2338 faciunt
1317 2271 1398 2337 haec
1422 2270 1542 2357 Apolo-

260 2380 380 2464 giae⁴):
419 2403 570 2468 ,prorsus
605 2380 646 2444 ad
678 2381 859 2446 vivendum
889 2380 981 2446 velut
1012 2380 1053 2443 ad
1084 2380 1264 2445 natandum
1287 2381 1315 2443 is
1339 2378 1461 2463 melior,
1485 2379 1541 2464 qui

260 2507 358 2550 onere
392 2486 555 2552 liberior“.
591 2489 700 2552 Bonae
730 2488 906 2573 voluptatis
930 2488 1107 2575 descriptio
1129 2487 1249 2574 pendet
1272 2511 1314 2553 ex
1338 2487 1452 2552 Albini
1475 2486 1540 2549 his:

261 2589 318 2656 οῖον
340 2594 395 2680 τήν
418 2618 455 2667 ra
475 2596 647 2682 εὐφροσύνην
669 2596 723 2682 τὴν
747 2598 794 2659 ἐπὶ
816 2607 875 2669 τοῖς
898 2600 1023 2682 ἀγαθοῖς
1045 2599 1095 2659 καὶ
1116 2597 1171 2669 τοὶς
1195 2598 1223 2659 ἐν
1247 2606 1309 2670 ταῖς
1333 2600 1447 2684 ἀρεταῖς
1469 2585 1541 2682 ἠδο-

260 2701 309 2773 νάς
320 2704 352 2781 5),
377 2713 412 2765 ut
428 2712 459 2766 et
473 2702 656 2788 voluptates
672 2704 759 2789 turpi
776 2702 991 2768 delectatione
1006 2704 1171 2789 quaesitae
1186 2702 1383 2789 respondent
1398 2709 1538 2791 αἰσχραῖς,

260 2810 323 2871 ὅσαι
346 2812 507 2872 &solueret
529 2834 564 2873 τε
586 2813 635 2873 καὶ
666 2811 743 2897 μετὰ
774 2802 884 2884 ἀδικίας
896 2814 928 2890 6).
959 2812 1071 2896 Ipsam
1102 2808 1308 2895 voluptatum
1330 2809 1538 2874 divisionem:

259 2917 359 2979 πολλά
383 2919 443 2980 ἐστι
467 2909 530 3005 aliq
554 2915 672 3003 ἡδονῶν,
695 2919 736 2981 roi
759 2919 810 3004 μὲν
833 2908 883 2981 tra
905 2929 959 2981 τοῦ
974 2919 1118 3005 σώματος,
1141 2918 1181 2980 τὰ
1204 2909 1237 2981 ἀὲ
1261 2909 1309 2980 lut
1332 2926 1384 3004 τῆς
1408 2915 1541 3005 ψυχῆς...,

260 3025 313 3096 τὰς
344 3015 376 3086 δὲ
407 3027 524 3113 μετρίας
535 3027 558 3111 ῖ)
606 3023 764 3109 Apuleius
795 3025 830 3087 in
862 3023 1009 3088 clausula
1040 3024 1138 3088 huius
1161 3025 1262 3111 partis
1286 3022 1540 3111 comprehendit,

260 3152 342 3216 quae
366 3133 456 3194 sica
480 3130 607 3196 Krollio
638 3133 788 3197 restituta
819 3142 880 3196 est:
907 3154 990 3218 ,non
1015 3131 1118 3196 solum
1142 3132 1293 3195 tristia
1317 3131 1411 3217 (vitia
1434 3131 1539 3210 codd.)

262 3239 341 3321 [slet
364 3238 617 3324 voluptates
641 3239 819 3321 (voluntate
844 3238 949 3321 codd.)
973 3238 1122 3303 accidere
1146 3239 1263 3302 animis
1286 3250 1316 3302 et
1333 3239 1446 3302 venire
1471 3259 1538 3301 cor-

260 3344 402 3431 poribus,
426 3345 483 3409 sed
506 3367 578 3410 esse
602 3345 746 3412 medium
777 3346 940 3433 quendam
971 3356 1101 3430 statum,
1133 3344 1236 3431 qualis
1268 3355 1325 3428 est,
1350 3367 1425 3409 eum
1449 3343 1541 3408 abest

259 3453 391 3516 tristitia
414 3475 475 3517 nec
506 3464 614 3519 tamen
645 3453 803 3519 laetitiam
833 3454 948 3518 adesse
979 3453 1168 3518 sentimus“.
1215 3454 1288 3518 Hoc
1311 3452 1406 3517 modo
1429 3454 1540 3540 μιτρίαι

260 3551 359 3647 ἡδοναὶ
382 3560 422 3624 ab
447 3560 587 3645 Apuleio
611 3559 693 3625 false
717 3560 898 3645 explicatae
922 3561 1063 3625 suntad
1087 3560 1335 3624 similitudinem
1358 3560 1540 3626 Stoicorum

259 3666 456 3731 indolentiae
481 3668 645 3748 (ἀπάθεια).
669 3667 839 3733 Clauditur
861 3690 940 3733 vero
962 3666 1044 3732 haec
1075 3667 1232 3732 debonis
1256 3678 1288 3732 et
1310 3665 1405 3730 malis
1429 3664 1540 3752 dispu-

259 3774 338 3839 tatio
362 3774 530 3839 Platonica
540 3778 564 3855 8)
588 3774 775 3839 definitione
798 3774 876 3838 boni
900 3784 932 3838 et
946 3773 1074 3839 honesti
1094 3796 1156 3839 nec
1171 3796 1235 3838 non
1252 3773 1330 3837 mali
1346 3784 1378 3837 et
1392 3774 1497 3859 turpis
1507 3777 1540 3854 ⁹).

367 3882 520 3968 Sequitur
543 3881 629 3968 apud
653 3881 809 3946 Albinum
842 3891 873 3946 et
901 3881 1076 3966 Apuleium
1100 3882 1263 3946 amicitiae
1286 3891 1318 3944 et
1341 3881 1459 3943 amoris
1483 3903 1540 3945 ex-

259 3987 412 4074 planatio,
436 4011 520 4072 quae
543 3989 630 4074 apud
661 4001 835 4075 utrumque
865 3989 961 4075 plane
984 4000 1033 4054 est
1056 3988 1176 4052 eadem.
1223 3986 1276 4053 Ad
1307 3988 1539 4051 sententiarum

260 4116 381 4159 nexum
405 4095 651 4179 restituendum,
675 4119 716 4160 ne
742 4096 904 4182 ,sociam“
930 4095 1026 4182 plane
1042 4094 1181 4179 haereat,
1198 4093 1383 4179 ponendum
1401 4106 1449 4158 est
1466 4104 1539 4158 ante

264 4202 478 4286 ,amicitiam“
505 4203 612 4287 boni,
636 4213 672 4266 ut
694 4203 833 4288 legatur:

261 4426 526 4436 -——

379 4559 397 4625 ¹)
416 4577 440 4625 p.
461 4561 503 4619 37,
524 4561 555 4612 11
576 4578 632 4627 sqp.
718 4559 738 4626 ²)
758 4579 782 4626 p.
802 4561 960 4624 90‚1-6.
1034 4560 1232 4627 ⁸)e.18—21.
1305 4559 1327 4628 ⁴)
1347 4577 1369 4611 c.
1389 4559 1431 4623 21,
1451 4577 1475 4623 p.
1495 4557 1539 4622 29,

259 4648 485 4714 23sq.1{ruger.
564 4649 584 4719 5)
602 4669 628 4716 p.
649 4650 683 4703 42
702 4658 769 4703 extr.
843 4649 865 4718 ⁰)
883 4654 919 4703 ib.
939 4669 964 4704 v.
984 4651 1019 4703 35
1033 4668 1071 4717 sq.
1147 4648 1166 4716 7)
1184 4651 1219 4701 ib.
1234 4667 1258 4700 v.
1273 4648 1307 4701 31
1322 4666 1360 4715 sq.
1434 4646 1453 4716 ⁸)
1467 4649 1538 4698 Prot.

259 4737 312 4791 358
331 4740 360 4790 B.
434 4736 454 4805 9)
474 4757 498 4804 p.
519 4736 562 4802 90,
582 4738 694 4792 18-22.
714 4741 772 4790 Iam
792 4741 875 4805 vides,
896 4756 976 4806 quam
994 4741 1087 4805 inepta
1105 4741 1140 4791 sit
1159 4741 1278 4804 capitum
1298 4738 1458 4788 distributio.
