3608 5460
222 417 297 488 [¹3⁷]
372 444 413 484 nn
427 444 538 485 aeunni
554 444 593 484 nr
608 445 711 484 ansius
727 443 900 486 oocrmunn
915 445 1105 486 rnnrourcan
1120 446 1385 487 aouusnarroun·
1487 424 1507 487 9
1578 497 1580 500 ¹

218 632 302 698 talia
324 631 436 697 futura
466 643 587 698 essent:
619 631 752 698 volatile
784 635 850 716 (τὰ.
874 635 1008 722 πτηνόν),
1039 635 1181 721 aquatile
1213 636 1261 720 (τὸ
1285 631 1421 724 ἔνυδρον),
1443 645 1509 700 ter-

223 751 326 806 restra
349 740 397 825 (τὰ
419 730 519 822 πεζόν)
530 740 563 826 ¹).
587 739 748 827 Apuleius
771 739 833 806 hac
856 741 950 806 inre
973 740 1189 807 describenda
1205 741 1246 806 ad
1262 743 1369 831 ipsum
1393 764 1506 808 recur-

223 848 267 912 rit
288 846 459 912 Platonem
481 869 586 934 neque
609 857 717 912 tamen
743 847 870 912 Timaei
892 847 1100 915 Oiceroniani
1122 847 1209 913 bona
1232 871 1330 936 opera
1352 872 1432 914 usus
1449 859 1509 914 est.

222 955 336 1040 Itaque
360 975 436 1018 cum
451 955 533 1041 φύσιν
548 956 737 1043 νοουμένηνῖ)
760 955 878 1020 Latine
901 955 1085 1041 exprimere
1108 955 1216 1040 vellet,
1241 979 1313 1022 eam
1343 978 1402 1020 suo
1424 957 1510 1043 peri-

220 1060 298 1126 culo
333 1060 540 1146 cogitabilem
576 1072 607 1126 et
641 1061 893 1147 intellegibilem
927 1062 1132 1148 nuncupavit
1165 1062 1227 1127 hac
1262 1073 1393 1151 propter
1423 1086 1510 1128 nova

224 1170 325 1234 verba
348 1169 500 1255 fingenda
524 1192 600 1233 usus
624 1169 847 1234 excusatione:
871 1168 997 1234 detur
1028 1170 1137 1234 enim
1167 1171 1298 1234 venia
1321 1171 1510 1236 novitati

223 1276 454 1341 verborum
477 1297 617 1340 rerum
648 1275 1004 1342 obscuritatibus
1036 1277 1296 1364 servienti³).

330 1382 552 1470 Disputationi
583 1380 623 1447 de
655 1382 714 1447 deo
746 1383 897 1447 adiunxit
927 1383 1069 1448 Albinus
1099 1385 1422 1470 argumentationem,
1446 1407 1510 1470 qua

219 1489 404 1584 qualitates⁸
417 1512 488 1554 esse
510 1491 715 1577 incorporeas
739 1490 908 1556 contendit
918 1494 943 1572 4)
977 1512 1078 1577 eaque
1101 1489 1250 1555 absoluta
1271 1490 1430 1554 mundum
1455 1490 1511 1555 de-

225 1597 357 1684 scripsit
379 1619 421 1661 ex
443 1597 514 1682 igni
538 1590 569 1662 et
591 1607 679 1661 terra
710 1595 916 1681 fabricatum,
948 1599 1033 1662 inter
1064 1620 1146 1684 quae
1170 1610 1225 1662 aer
1249 1609 1280 1663 et
1303 1620 1389 1684 aqua
1410 1599 1511 1662 inter-

224 1705 308 1768 iecta
331 1705 455 1789 sunt⁶);
482 1714 552 1768 tum
583 1705 753 1769 materiam
784 1704 899 1790 figuris
923 1706 958 1768 in
981 1704 1142 1770 elementa
1169 1704 1343 1769 formatam
1366 1704 1511 1791 explica-

221 1812 317 1896 vit6).
341 1809 501 1896 Apuleius
524 1810 565 1874 de
588 1810 800 1898 qualitatibus
825 1809 985 1876 disserere
1009 1810 1193 1898 supersedit
1221 1812 1395 1898 statimque
1418 1821 1511 1898 quat

225 1928 299 1982 tuor
323 1916 493 1982 elementis
516 1919 716 1983 enumeratis
738 1928 889 1982 naturam
913 1940 1027 1983 eorum
1051 1918 1232 2006 simplicem
1250 1942 1322 1984 esse
1346 1919 1513 1984 contendit

226 2046 329 2111 neque
360 2023 402 2088 ad
432 2026 536 2090 instar
564 2024 766 2114 syllabarum
798 2035 910 2090 mutuo
934 2048 1022 2091 nexu
1046 2025 1199 2112 copulari.
1244 2026 1291 2090 Ut
1315 2025 1512 2112 comparatio

225 2133 296 2216 ipsa
318 2131 476 2198 translata
499 2144 548 2197 est
571 2154 589 2197 e
612 2131 758 2197 Platonis
781 2132 915 2197 Timaeo
938 2134 982 2199 48
1006 2134 1046 2197 B:
1068 2142 1214 2222 προσῆκον
1237 2138 1335 2206 αὐτοῖς
1350 2132 1408 2218 (sc.
1433 2156 1512 2196 στοι-

225 2241 324 2327 χείοις)
347 2232 408 2303 οὐδ’
432 2246 470 2315 ὡς
501 2242 530 2303 ἐν
553 2242 702 2327 συλλαβῆς
734 2232 822 2304 εἴδεσι
852 2243 938 2327 μόνον
969 2242 1135 2315 εἰκότως...
1165 2244 1389 2328 ἀπεικαοθῆναι,
1412 2240 1458 2304 ita
1480 2249 1513 2305 et

225 2347 261 2410 in
283 2345 418 2433 reliquis
441 2346 598 2411 nonnulla
621 2346 792 2411 Platonica
822 2348 909 2413 inter
940 2347 1119 2413 Albiniana
1148 2347 1340 2412 intermixta
1367 2369 1438 2411 esse
1461 2346 1513 2412 vi-

222 2453 354 2518 dentur.
378 2454 485 2539 Atque
508 2455 575 2518 iam
599 2453 678 2518 ordo
703 2457 781 2541 ipse,
812 2456 847 2518 in
871 2478 935 2541 quo
958 2455 1120 2520 elementa
1142 2465 1376 2520 enumerantur
1399 2455 1453 2535 ita,
1476 2465 1513 2518 ut

226 2561 297 2646 igni
319 2583 403 2646 aqua
426 2571 646 2646 postponatur,
670 2584 772 2648 aquae
788 2573 876 2629 terra
899 2573 931 2626 et
954 2573 1017 2647 aer,
1033 2561 1179 2626 Platonis
1204 2561 1297 2648 esti),
1320 2583 1396 2624 cum
1418 2559 1513 2624 Albi-

223 2688 290 2730 nus
312 2667 383 2752 igni
406 2676 527 2730 terram
551 2667 708 2752 adiungat
717 2671 750 2753 ⁸).
775 2667 841 2734 Sed
864 2691 947 2755 quae
970 2691 1047 2732 mox
1071 2668 1112 2733 de
1133 2667 1302 2732 elementis
1317 2667 1513 2731 inordinatis

226 2774 462 2860 permixtisque
492 2785 675 2860 narrantur,
705 2797 725 2838 a
757 2775 872 2838 mundi
896 2775 1103 2840 aedificatore
1126 2774 1271 2839 numeris
1296 2785 1328 2839 et
1350 2774 1512 2838 mensuris

226 2881 262 2944 in
285 2880 427 2945 ambitus
452 2880 610 2965 deductis,
641 2881 816 2946 referenda
848 2894 924 2947 sunt
955 2882 996 2947 ad
1027 2882 1138 2947 Albini
1170 2882 1264 2948 haec:
1288 2881 1323 2970 ὴν
1347 2881 1404 2968 (sc.
1429 2881 1513 2969 ὕλην)

224 2989 365 3062 ἀτάκτως
388 2993 437 3052 καὶ
460 2994 641 3077 πλημμελῶς
664 2990 885 3078 usucapitur...
911 2992 944 3054 ἐκ
967 2998 1020 3078 τῆς
1040 2981 1162 3064 ἀταξίας
1178 2990 1360 3080 παραλαβὼν
1374 2990 1443 3076 πρὸς
1458 2988 1513 3077 τὴν

228 3099 346 3184 ἀρίστην
368 3096 466 3184 ἤγαγε
495 3097 588 3182 τάξιν,
619 3102 751 3186 ἀριθμοῖς
782 3098 920 3186 πρέπουσι
949 3098 990 3161 τοὶ
1014 3104 1085 3186 μέρη
1117 3096 1265 3184 κοσμήσας
1288 3099 1337 3161 καὶ
1367 3095 1513 3184 σχήμασιν

227 3202 312 3266 Nam
348 3202 439 3268 Plato
473 3205 698 3269 tantummodo
732 3205 833 3269 tradit
864 3205 973 3269 omnia
1004 3205 1074 3269 sine
1097 3206 1223 3269 ratione
1256 3216 1288 3270 et
1318 3205 1389 3268 sine
1416 3201 1513 3267 modo

225 3308 357 3395 ’(ἀλόγως
381 3314 431 3373 καὶ
449 3311 595 3399 ἀμέτρως)
619 3311 722 3377 fuisse
732 3312 766 3399 ⁹),
791 3311 848 3377 sed
871 3311 1029 3377 hocloco
1055 3311 1094 3376 de
1117 3312 1231 3376 ordine
1254 3313 1403 3376 restituto
1430 3308 1514 3373 nihil

228 3414 380 3503 loquitur.
411 3418 521 3482 Etiam
551 3441 633 3504 quae
665 3418 704 3483 ab
736 3419 875 3505 Apuleio
904 3418 1083 3484 adduntur:
1110 3419 1210 3504 ,hacc
1234 3441 1251 3484 e
1274 3418 1425 3505 plurimis
1448 3415 1514 3481 ele-

230 3522 349 3587 mentis
373 3523 414 3586 ad
438 3546 540 3587 unum
563 3523 696 3589 redacta
720 3526 809 3590 esse“
835 3527 980 3612 pendent
1004 3549 1045 3591 ex
1068 3525 1198 3611 Albine,
1214 3526 1270 3612 qui
1287 3525 1385 3589 dixit:
1409 3522 1439 3596 ὃς
1454 3523 1515 3608 (sc.

225 3636 322 3718 ὁτῆς
357 3633 513 3720 ἀναλογίας
536 3623 700 3717 δεσμός)...
735 3633 775 3695 τὰ
813 3624 989 3720 ουνδούμενα
1018 3641 1144 3721 πέφυκεν
1175 3638 1204 3697 ἓν
1226 3644 1315 3696 ποιεῖν
1326 3631 1373 3717 1⁰).
1397 3669 1439 3678 -
1463 3630 1514 3697 Si-

229 3737 317 3802 milis
341 3749 390 3803 est
411 3739 495 3803 ratio
517 3739 714 3804 narrationis
738 3737 778 3803 de
801 3739 916 3823 figuris
947 3751 979 3805 et
1001 3739 1231 3826 elementis11),
1256 3740 1348 3804 cuius
1372 3759 1449 3824 pars
1471 3737 1514 3801 ad
1614 3748 1617 3754 '

228 3845 374 3911 Platonis
398 3846 500 3910 verba
524 3845 699 3931 ambagum
722 3846 819 3931 plena
842 3847 990 3911 revocari
1014 3857 1127 3933 potest,
1150 3869 1226 3933 pars
1250 3844 1292 3909 ad
1306 3844 1420 3909 Albini
1436 3845 1514 3908 sim-

229 4096 282 4146 tuit
300 4114 358 4148 osse
377 4096 473 4147 dobere
493 4097 685 4164 constituitque
703 4098 844 4163 quattuor:
864 4097 979 4162 primum
999 4096 1115 4147 caeleste
1133 4098 1241 4161 plenum
1260 4096 1420 4159 divinitatis,
1440 4094 1513 4146 aliud

229 4185 326 4236 deinde
353 4202 474 4252 praepes,
503 4186 668 4252 adrivagum,
697 4188 806 4237 tortium
834 4201 921 4253 aquae
948 4187 1097 4252 liquoribus
1122 4185 1362 4249 adcommodatum,
1388 4191 1514 4251 quartum

228 4275 301 4338 quod
319 4280 426 4326 terrena
451 4275 574 4326 soliditas
599 4277 759 4326 sustinerot“
781 4304 813 4313 —
833 4282 863 4326 ut
887 4277 942 4326 iam
966 4290 999 4325 ax
1024 4275 1065 4325 his
1089 4289 1244 4341 cognoscas,
1263 4290 1297 4324 ne
1316 4275 1388 4325 hunc
1407 4273 1514 4339 quidem

229 4363 366 4415 Ciceronis
384 4365 533 4415 versionem
552 4365 581 4414 in
599 4380 681 4414 manu
700 4365 835 4416 habuisse.
855 4365 980 4430 Neglexit
999 4380 1058 4415 eam
1082 4364 1164 4413 etiam
1181 4363 1356 4428 Augustinus,
1382 4363 1431 4413 alii
1449 4363 1515 4413 scri·

227 4459 320 4517 ptores
339 4454 524 4516 ecclesiastici,
543 4453 576 4504 do
595 4468 648 4519 qua
666 4469 695 4505 ra
714 4454 770 4504 alia
787 4453 852 4504 data
871 4455 1011 4504 occasione
1030 4452 1234 4517 disputabimus.

339 4542 358 4607 ¹)
377 4558 400 4594 c.
421 4540 455 4594 16
472 4558 498 4607 p.
517 4542 561 4606 27,
579 4542 615 4596 33
634 4559 690 4608 sqq.
765 4541 784 4608 ²)
802 4544 872 4597 Plat.
890 4544 959 4594 Tim.
978 4541 1011 4595 51
1032 4544 1057 4592 D
1075 4539 1196 4608 νοούμενα.
1271 4539 1291 4609 ⁸)
1309 4557 1334 4606 p.
1354 4540 1398 4603 71,
1416 4539 1441 4592 6.

232 4631 252 4699 ⁴)
272 4648 295 4683 c.
316 4631 357 4684 11.
431 4629 449 4699 ‘l
470 4649 493 4684 c.
514 4631 555 4684 12.
611 4630 632 4699 ⁶)
651 4650 673 4686 c.
694 4630 737 4684 13.
794 4630 901 4698 buum.
920 4631 955 4685 53
974 4634 1003 4685 B.
1059 4629 1123 4697 ⁸)p.
1142 4630 1186 4695 23,
1207 4629 1240 4684 16
1258 4645 1330 4696 saep.
1404 4627 1425 4697 ⁹)
1447 4630 1515 4684 Tim.

228 4738 256 4786 p.
276 4720 311 4775 53
329 4722 359 4771 A.
380 4722 414 4771 cl.
434 4721 493 4771 Alb.
513 4737 538 4785 p.
558 4721 601 4786 23,
622 4719 663 4774 17.
739 4719 770 4787 ¹⁰)
789 4739 814 4788 p.
834 4721 877 4785 23,
897 4721 939 4774 ⁴27.
1014 4721 1046 4788 ²¹)
1063 4737 1089 4786 p.
1109 4719 1153 4784 68,
1172 4718 1208 4771 21
1226 4736 1281 4785 sqq.
