3608 5460
218 447 290 519 [163]
365 474 407 514 un
422 474 533 515 anuum
548 475 587 515 nr
602 476 705 514 auersi
720 474 893 516 uocrnman
908 474 1096 516 nmuourcun
1111 476 1350 518 rnuunmrroun
1454 455 1497 520 35

324 664 389 729 Res
420 664 461 728 de
492 663 617 728 malitia
647 661 870 729 involuntaria
880 662 904 749 ¹)
936 686 978 728 ex
1009 664 1231 749 superioribus
1243 669 1267 746 2)
1290 668 1427 754 repetita
1450 679 1499 734 eat

218 773 272 858 ita,
296 782 331 835 ut
354 793 437 857 quae
460 769 529 835 illic
552 769 593 835 de
615 770 746 834 inscitia
762 779 894 834 narrata
917 779 1001 854 sunt,
1024 769 1079 834 hic
1098 770 1238 836 iniuriae
1261 771 1497 839 adscribantur.

218 879 261 942 Et
283 877 426 964 Gorgiae
449 877 581 964 quidem
596 876 834 961 argumentatio
851 874 891 941 de
906 877 1104 963 praestantia
1120 898 1241 961 eorum,
1265 881 1320 964 qui
1342 880 1497 945 iniuriam

216 985 394 1072 patiuntur,
426 1008 503 1072 prae
532 986 589 1069 cis,
619 985 674 1072 qui
706 983 853 1048 inferunt
862 987 896 1070 Β),
927 984 967 1049 ab
998 982 1118 1048 Albino
1141 985 1176 1048 in
1199 987 1296 1049 unius
1320 988 1497 1053 sententiae

217 1092 357 1156 formam
382 1090 627 1179 comprehensa:
651 1092 729 1155 ὥστε
752 1092 943 1180 φευκτότερον
959 1088 1027 1155 εἶναι
1046 1092 1082 1154 τὸ
1099 1083 1207 1156 ἀδικεῖν
1222 1102 1275 1155 τοῦ
1291 1084 1455 1159 ἀδικεῖσθαι
1462 1094 1497 1182 4),

217 1201 411 1286 exprimitur
442 1198 482 1262 ab
513 1198 632 1284 Apulei
663 1197 762 1263 dicto:
798 1196 1006 1285 „idcircoque
1029 1199 1122 1285 peius
1145 1210 1195 1264 est
1229 1216 1460 1273 <nocere>
1474 1207 1497 1285 ⁵)

218 1328 315 1392 quam
338 1305 467 1370 noceri“
493 1305 591 1392 idque
620 1329 697 1370 mox
718 1307 884 1391 repetitur.
915 1304 990 1384 Qua
1022 1305 1058 1368 in
1092 1318 1184 1391 parte
1215 1306 1363 1371 codicum
1387 1308 1497 1374 lectio·

217 1412 314 1479 nibus
348 1413 414 1476 iam
448 1412 601 1477 Rohdeus
632 1411 858 1478 medeliferam
890 1412 1035 1477 admovit
1066 1435 1209 1499 manum,
1244 1436 1319 1478 cum
1354 1415 1497 1501 scripsit:

218 1519 275 1584 sed
298 1541 416 1585 nocere
439 1519 535 1605 longe
558 1520 651 1607 peius
675 1542 754 1605 esse,
778 1542 820 1584 ex
837 1542 882 1584 eo
898 1519 975 1605 (quo
991 1518 1096 1602 codd.)
1113 1519 1259 1607 intellegi
1282 1533 1396 1608 potest,
1411 1523 1497 1610 quod

217 1627 414 1712 animi[s]
446 1627 540 1692 bonis
571 1650 609 1693 eo
641 1628 722 1692 vitio
752 1626 914 1712 pernicies
944 1625 1115 1690 infertur“.
1161 1627 1288 1693 Nocere
1316 1629 1497 1711 „malorum

217 1735 362 1798 omnium
387 1736 538 1798 maxim
552 1734 635 1798 um“
663 1756 743 1810 esse,
766 1756 832 1798 non
859 1733 1037 1822 „malorum
1054 1735 1202 1799 omnium
1225 1737 1424 1821 noxium“‚
1441 1734 1498 1801 do-

219 1850 270 1915 cet
292 1839 436 1926 Gorgiae
461 1843 657 1928 comparatio
680 1843 817 1930 μέγιστον
840 1843 876 1906 τὰ
899 1842 990 1905 κακόν
1001 1845 1034 1926 6),
1056 1864 1121 1927 qua
1143 1842 1354 1908 confirmatur
1376 1844 1499 1908 codicis

217 1944 328 2011 Fulvii
351 1947 448 2013 lectio
478 1971 498 2012 a
528 1949 691 2015 Wowerio
715 1947 822 2013 allata.
846 1947 990 2034 Gorgiae
1012 1947 1181 2014 Platonico
1193 1950 1217 2032 7)
1241 1948 1378 2014 debetur
1399 1952 1497 2016 etiam

217 2055 321 2118 omnis
355 2054 503 2118 doctrina
538 2055 577 2120 de
612 2056 805 2141 impunitate
839 2066 872 2119 et
905 2077 1017 2142 poena.
1063 2055 1300 2121 Insanabilium
1332 2058 1463 2140 (ἀνίατοι)
1472 2060 1497 2140 8)

217 2171 327 2227 autem
349 2161 466 2226 exsilia
498 2173 530 2226 et
553 2172 673 2226 mortes
701 2162 820 2249 partim
845 2160 1010 2248 Politiei9)
1044 2162 1213 2226 sententiis
1244 2163 1499 2246 commendatur,

216 2269 332 2354 partim
365 2268 577 2355 Reipublicae
588 2273 625 2352 10)
662 2268 844 2356 praeceptis
868 2267 1110 2334 confirmantur.
1155 2269 1233 2354 Ipsa
1266 2271 1399 2354 pessimi
1433 2273 1498 2336 viri

216 2375 333 2460 image,
357 2376 591 2463 cupiditatibus
606 2376 727 2461 iactati,
748 2398 813 2440 non
830 2374 969 2439 multum
985 2372 1084 2439 distat
1099 2397 1119 2438 a
1134 2384 1276 2464 tyranno
1292 2376 1438 2441 Platonis
1451 2382 1498 2460 11).

216 2481 335 2568 Apulei
359 2483 461 2548 verba
484 2483 579 2547 illum
609 2483 823 2548 describentis
854 2492 1001 2547 correcta
1032 2492 1108 2546 suut
1135 2504 1155 2545 a
1176 2481 1314 2568 Krollio‚
1336 2485 1392 2570 qui
1416 2486 1497 2549 scri-

217 2589 294 2674 psit:
317 2590 619 2656 <s>cditione
646 2591 810 2675 vitiorum,
834 2600 866 2654 et
888 2612 907 2652 a
929 2587 1090 2674 Koziolio‚
1117 2589 1211 2675 ⁷‚qui“
1238 2599 1310 2654 ante
1336 2592 1495 2677 „quanto“

218 2695 346 2761 delente
380 2708 411 2760 et
449 2696 626 2783 „[s]educi“
663 2705 848 2782 reponente.
894 2695 976 2760 Viro
1010 2695 1151 2782 pessimo
1183 2696 1356 2781 opponitur
1389 2698 1497 2784 imago

218 2804 282 2866 viri
305 2803 449 2890 perfecte
481 2803 637 2888 sapientis
648 2806 696 2889 ¹²),
726 2824 809 2889 quae
839 2800 972 2889 quidam
999 2802 1041 2866 ab
1064 2801 1186 2866 Albino
1210 2803 1244 2865 in
1269 2802 1497 2890 disputationis

218 2910 323 2976 fronte
346 2912 451 2997 posita
462 2915 508 2997 1⁸),
534 2911 632 2977 etiam
655 2912 690 2974 in
713 2909 805 2974 calce
827 2907 994 2974 nonnullis
1018 2908 1113 2973 lineis
1138 2907 1306 2995 suppletur
1317 2909 1364 2996 14).
1401 2911 1498 2976 Felix

217 3019 371 3103 sapientis
395 3030 522 3104 natura,
547 3016 738 3104 disciplinae
761 3016 853 3102 ratio,
876 3015 1081 3103 voluptatum
1109 3017 1305 3101 contemptio
1329 3017 1416 3104 apud
1440 3017 1497 3083 Al-

217 3125 331 3189 binum
355 3137 387 3190 et
410 3126 585 3212 Apuleium
602 3126 824 3190 inveniuntur.
849 3122 913 3190 Sed
929 3135 960 3188 et
976 3122 1241 3210 philosophorum
1256 3123 1406 3189 educatio
1421 3124 1497 3189 Pla-

217 3234 325 3297 tonica
348 3230 521 3298 nonnullos
544 3233 622 3297 huic
653 3231 876 3321 suppeditavit
906 3229 1030 3296 colores
1042 3230 1090 3316 1⁶).
1121 3230 1230 3295 Locus
1253 3253 1329 3295 cum
1352 3254 1372 3295 a
1395 3230 1495 3297 Gold-

217 3339 357 3404 bachero
381 3340 465 3405 male
489 3341 663 3406 distinctus
686 3351 718 3406 et
740 3340 934 3406 lacunarum
966 3339 1069 3423 signis
1097 3337 1297 3402 deformatus
1321 3339 1371 3422 sit,
1394 3348 1496 3403 totum

218 3448 360 3532 genuina
390 3447 494 3510 forma
524 3469 704 3534 proponere
734 3448 842 3512 liceat:
878 3456 994 3533 „atque
1025 3445 1204 3531 etiam¹⁶)
1234 3455 1304 3508 tum
1339 3468 1358 3508 a
1388 3445 1497 3532 pueris

217 3554 372 3639 imbutus,
394 3553 492 3618 factis
516 3554 770 3639 congruentibus
793 3564 825 3618 et
848 3552 944 3618 dictis
961 3553 1124 3636 adsuetus,
1147 3562 1286 3638 purgata
1308 3562 1340 3616 et
1362 3552 1497 3618 effocata

218 3662 318 3725 animi
338 3660 513 3748 voluptate,
528 3662 641 3726 eiectis
658 3683 699 3726 ex
715 3661 824 3724 animo
838 3659 917 3725 hinc
932 3660 1184 3744 <cupidinibus²
1200 3660 1350 3742 firmatis
1364 3661 1496 3726 illinc>

217 3768 414 3833 abstinentia
444 3779 541 3855 atque
571 3769 727 3856 patientia
761 3767 1088 3853 <iudiei>oque
1119 3764 1291 3830 doctrinis
1322 3788 1364 3829 ex
1387 3787 1496 3830 rerum

217 3877 354 3941 scientia
376 3875 623 3962 eloquentiaque
654 3872 893 3939 venientibus“.
927 3872 1143 3960 „Cupidines“
1176 3870 1308 3959 quidem
1332 3871 1498 3959 supplevi-

219 4005 291 4046 mus
329 4006 371 4048 ex
408 3985 551 4069 imagine
596 3982 729 4072 tyranni
764 3980 811 4045 eis
835 3980 945 4045 iactati
958 3982 1013 4066 ¹⁷),
1054 3978 1214 4044 iudicium
1249 3978 1268 4042 i.
1307 4000 1333 4042 e.
1370 3988 1496 4065 partem

218 4089 318 4153 animi
352 4089 544 4154 rationalem
579 4090 694 4153 ceteris
731 4086 951 4152 dominantem
986 4088 1106 4172 optimo
1140 4086 1212 4149 iure
1246 4107 1288 4148 ex
1323 4086 1497 4171 superiori-

325 4307 345 4371 ¹)
363 4323 387 4371 p.
408 4303 451 4369 93,
472 4303 601 4357 16—20.
694 4301 713 4373 ¹)
732 4321 757 4369 p.
777 4301 820 4368 88,
840 4301 876 4354 30
894 4317 950 4367 sqq.
1043 4297 1132 4368 blec
1151 4296 1275 4351 D-te8
1294 4300 1332 4364 D3
1351 4295 1404 4350 469
1423 4295 1495 4351 A—

217 4391 270 4444 475
289 4396 320 4460 E,
339 4396 374 4446 cf.
393 4397 465 4445 Prot.
484 4392 537 4448 958
555 4394 583 4446 C.
671 4391 692 4460 4)
710 4409 736 4458 p.
756 4390 800 4455 41,
819 4390 861 4443 15.
941 4388 961 4458 ⁶)
986 4405 1063 4439 namo
1087 4404 1142 4439 nou
1163 4387 1245 4443 videt,
1273 4402 1354 4453 quam
1372 4401 1497 4438 necessa·

219 4484 286 4532 rium
306 4484 342 4533 ait
359 4483 386 4532 id
411 4484 633 4548 supplementum.
689 4479 710 4548 ⁶)
731 4478 825 4533 4690
882 4477 974 4546 7)1.1.
1030 4475 1051 4546 8)
1069 4480 1153 4544 Legg.
1173 4478 1198 4526 V
1215 4474 1268 4529 375
1286 4477 1317 4527 Ε.
1355 4472 1376 4539 ⁹)
1394 4473 1447 4526 309
1465 4478 1496 4526 Δ.

220 4569 251 4640 ¹⁰)
276 4573 316 4622 IX
343 4570 396 4624 590
420 4573 466 4622 01)
485 4573 617 4622 malorum
636 4571 774 4621 servitium
787 4570 895 4620 unicam
923 4574 1016 4634 aptam
1037 4583 1094 4618 assa
1114 4564 1301 4617 conditionem.
1363 4561 1395 4631 ¹¹)
1413 4565 1496 4629 Lagg.

217 4663 256 4712 lX
275 4661 326 4714 571
346 4662 368 4711 Β
386 4677 442 4727 sqq.
499 4660 529 4726 ¹¹)
548 4678 573 4726 p.
593 4658 636 4724 95,
656 4657 788 4724 13-99,
808 4656 849 4711 15.
934 4655 965 4725 ”)
984 4672 1007 4708 c.
1027 4655 1051 4708 1.
1116 4654 1148 4720 ¹⁴)
1166 4671 1189 4706 e.
1208 4651 1251 4706 35.
1327 4649 1358 4719 15)
1377 4653 1426 4716 Rp.
1445 4653 1497 4705 v11

217 4750 269 4804 535
289 4754 370 4816 Asqq.
426 4748 457 4815 1⁸)
477 4750 515 4800 nic
534 4750 623 4801 scribo
641 4765 689 4815 pro
708 4749 811 4812 „onim“
831 4747 906 4798 codd.
981 4742 1014 4812 Η)
1031 4761 1056 4810 p.
1076 4741 1119 4809 94,
1138 4742 1180 4797 23.

1462 4847 1497 4900 3«
