3608 5460
258 472 332 543 1145]
417 483 458 520 na
473 480 585 520 aeunni
600 481 639 520 nr
653 479 756 519 snnrru
772 477 944 520 noermuan
960 478 1148 519 aaarourcan
1162 478 1402 519 anuusaamonn
1502 456 1539 518 17

257 670 365 750 Quam
389 679 498 734 autem
521 667 598 733 huic
622 667 832 755 disputationi
855 666 1005 732 adiunxit
1029 668 1236 733 sententiam:
1262 668 1427 755 „omnium
1442 679 1538 733 terre·

260 797 375 840 norum
398 774 482 839 nihil
504 774 634 839 homine
657 773 887 860 praestabilius
903 797 922 837 a
937 773 1144 860 providentia
1161 773 1273 839 datum
1290 774 1391 859 esse“‚
1415 798 1453 840 ea
1468 798 1541 862 per-

260 883 341 947 tinet
364 881 405 945 ad
428 881 495 966 illa,
518 902 600 968 quae
624 891 699 946 ante
730 880 925 946 daemonum
949 880 1201 967 descriptionem
1225 879 1265 946 de
1288 883 1426 946 terrenis
1455 882 1543 947 dicta

261 999 337 1053 sunt
366 987 576 1053 animalibus:
612 1009 726 1074 „panas
758 998 971 1052 terrenum...
1007 1008 1077 1051 esse
1108 987 1261 1052 arborum
1296 999 1542 1075 ceterarumque

260 1095 480 1180 frugum...¹)‚
508 1095 653 1158 omnium
684 1116 762 1159 vere
794 1104 999 1158 terrenorum
1021 1092 1104 1157 nihil
1128 1093 1258 1158 homine
1282 1094 1542 1180 praestabilius“.

367 1201 597 1266 Providentiae
615 1200 745 1287 quidem
763 1201 1067 1266 commemoratione
1082 1199 1167 1265 hanc
1182 1200 1417 1265 alienissimam
1432 1225 1452 1265 a
1466 1225 1543 1266 nar-

260 1309 394 1373 rationis
419 1331 516 1373 cursu
540 1309 733 1373 sententiam
762 1329 837 1372 cum
867 1307 1138 1393 praecedentibus
1163 1309 1370 1372 coniunctam
1395 1331 1464 1374 esse
1488 1309 1543 1374 vel

258 1416 375 1481 saltem
406 1416 511 1481 videri
542 1414 655 1500 voluit,
685 1437 768 1503 quae
800 1436 877 1478 sane
905 1414 947 1478 ad
971 1437 1018 1497 ea
1050 1437 1133 1501 quae
1165 1426 1353 1502 sequuntur,
1383 1415 1542 1480 trahenda

259 1534 310 1589 est
333 1534 364 1587 et
387 1523 480 1587 initio
503 1524 618 1609 capitis
649 1523 738 1588 XIII
769 1521 927 1608 ponenda.
962 1521 1027 1588 Sed
1058 1545 1099 1586 ne
1129 1523 1176 1586 ita
1206 1522 1337 1609 quidem
1368 1501 1450 1587 ratio
1474 1522 1543 1587 ulla

260 1631 429 1715 efficietur,
452 1653 516 1716 qua
539 1628 622 1692 illud
648 1629 787 1715 „quarel
814 1628 972 1716 explicari
995 1630 1104 1715 possit.
1128 1628 1170 1694 Et
1193 1629 1272 1693 ordo
1294 1631 1365 1716 ipse
1389 1631 1542 1694 materiae

257 1737 483 1824 disponendae
507 1736 658 1800 diversus
682 1746 730 1800 est
754 1736 794 1800 ab
818 1734 1003 1800 Albinian0.
1032 1736 1098 1801 Hic
1121 1737 1210 1800 enim
1232 1738 1373 1822 primum
1406 1737 1447 1802 de
1472 1759 1543 1802 cor-

261 1867 339 1929 pore
362 1853 474 1907 narrat
496 1843 689 1907 fabricando
699 1847 733 1927 2),
757 1853 826 1906 tum
857 1842 898 1907 de
929 1843 1079 1907 sensibus
1090 1843 1125 1930 3),
1156 1854 1319 1929 postremo
1342 1845 1469 1909 animae
1492 1845 1542 1908 in-

262 1949 368 2014 dolem
392 1950 549 2015 describit
557 1955 588 2031 4).
612 1949 771 2035 Apuleius
801 1949 971 2014 Platonem
981 1951 1007 2036 ⁵)
1037 1960 1167 2015 secutus
1198 1950 1239 2015 ab
1273 1952 1381 2014 anima
1412 1952 1542 2016 initium

261 2059 357 2142 capit,
392 2057 450 2122 sed
485 2057 634 2122 sensibus
667 2066 698 2120 et
733 2078 868 2142 corpore
898 2056 1062 2143 descripto
1092 2079 1233 2122 rursus
1245 2061 1269 2139 ⁶)
1301 2058 1438 2122 eandem
1472 2079 1542 2122 rem

259 2175 377 2229 tractat
400 2186 437 2228 eo
461 2158 540 2248 loco,
564 2185 627 2250 quo
651 2163 738 2250 apud
761 2162 920 2228 Albinum
943 2187 981 2228 ea
1003 2163 1124 2247 legitur
1136 2164 1168 2249 7).
1202 2164 1257 2231 Sic
1281 2165 1409 2252 saepius
1433 2167 1468 2229 in
1490 2164 1542 2228 his

259 2271 340 2335 locis
364 2273 488 2336 iteratis
512 2271 691 2336 offeruntur
713 2269 807 2334 nobis
839 2271 1033 2336 documenta
1065 2270 1106 2335 ab
1137 2271 1278 2358 Apuleio
1302 2283 1431 2358 praeter
1455 2292 1542 2335 com-

258 2378 416 2465 pendium
439 2378 604 2444 Graecum
628 2378 725 2442 etiam
749 2377 919 2442 Platonem
953 2379 1061 2464 ipsum
1093 2377 1277 2443 adhibitum
1308 2400 1387 2443 esse.
1423 2378 1543 2442 Anima

259 2487 406 2570 corporis
441 2485 573 2548 domina
606 2483 775 2571 appelatur
810 2506 886 2549 cum
921 2483 1054 2549 Albino:
1090 2483 1187 2573 ψυχὴν
1221 2477 1417 2549 δεσπόοουσαν
1453 2489 1546 2549 αὐτοῦ

257 2597 317 2676 (sc.
347 2602 400 2654 τοῦ
432 2593 622 2678 reparat.
660 2592 701 2656 In
735 2592 835 2655 trium
870 2614 948 2656 vero
983 2593 1111 2656 animae
1146 2593 1288 2677 partium
1323 2591 1541 2679 descriptione

260 2697 430 2763 Platonem
454 2699 562 2783 potius
586 2699 732 2783 sequitur
755 2697 872 2763 ducem
895 2720 993 2783 quam
1016 2697 1183 2783 Albinum,
1207 2698 1265 2762 sed
1282 2700 1336 2783 ita,
1360 2711 1395 2763 ut
1417 2698 1541 2762 nullius

261 2806 362 2871 verba
385 2806 495 2871 verbis
518 2804 647 2868 Latinis
670 2803 793 2869 reddat.
824 2803 1044 2868 Nihilominus
1068 2805 1243 2869 verborum
1267 2806 1464 2892 comparatio
1487 2828 1543 2870 ac-

260 2924 374 2978 curata
397 2923 429 2977 et
452 2912 507 2976 hic
530 2934 595 2975 non
619 2923 668 2977 est
691 2912 762 2977 sine
785 2909 1009 2976 emolumento.
1040 2913 1113 2976 Iam
1136 2914 1165 2976 si
1189 2912 1229 2976 de
1257 2912 1431 2978 irascentia
1454 2912 1543 2999 apud

261 3020 428 3085 Platonem
451 3019 603 3106 legimus:
630 3020 715 3083 τὰ...
740 3019 953 3104 φιλόνεικον...
977 3021 1144 3102 κατῴκισαν
1177 3011 1379 3108 ἐγγυτέρω
1409 3029 1462 3108 τῆς
1493 3044 1543 3084 κε-

262 3132 424 3215 φαλῆς...,
446 3130 493 3190 ἵνα
515 3136 569 3190 τοῦ
599 3129 690 3214 λόγου
721 3126 868 3214 κατήκοον
900 3127 931 3190 ὄν
962 3150 989 3190 κ.
1020 3150 1048 3189 τ.
1081 3130 1153 3211 κθ),
1178 3126 1327 3191 videmus
1359 3128 1393 3190 in
1423 3126 1542 3214 Apulei

262 3235 447 3297 narratione
470 3245 544 3298 ante
570 3232 723 3320 ῃρτουοΙιι
755 3231 869 3297 haud
900 3233 1063 3298 excidisse
1094 3243 1126 3298 et
1149 3232 1325 3318 legendum
1348 3256 1432 3298 esse:
1458 3234 1542 3319 „ira-

263 3340 418 3404 scentiam
449 3363 528 3404 vero
563 3339 750 3410 <haud>
783 3338 899 3426 procul
930 3363 950 3404 a
980 3340 1105 3404 ratione
1137 3340 1178 3404 ad
1206 3339 1408 3405 domicilium
1432 3340 1540 3405 cordis

259 3445 435 3510 deductam
459 3469 537 3529 esse,
561 3446 978 3533 obsequi<0>que¹⁰)
1007 3469 1095 3513 eam
1118 3448 1154 3510 in
1177 3446 1248 3512 loco
1272 3446 1467 3534 respondere
1491 3469 1541 3510 sa-

262 3553 433 3639 pientiae“.
463 3553 522 3638 „In
552 3553 642 3618 loco“
676 3575 734 3637 pro
767 3553 894 3637 „illico“
929 3555 1068 3640 positum
1101 3577 1180 3638 esse,
1215 3553 1450 3640 „respondere“
1484 3577 1542 3618 no-

260 3662 349 3725 tione
372 3659 566 3725 oboediendi
598 3670 797 3745 usurpatum,
827 3671 923 3746 patet.
953 3662 1007 3725 Ex
1037 3662 1140 3748 ipsius
1164 3672 1271 3726 autem
1296 3661 1428 3745 ingenio
1451 3660 1541 3748 Apu-

261 3767 344 3832 leius
367 3778 516 3833 ventrem
540 3768 692 3854 popinam
717 3777 748 3830 et
771 3766 909 3831 latrinae
932 3766 1091 3832 latebram
1108 3767 1286 3855 appellavit
1309 3767 1541 3832 diversorium-

258 3897 324 3960 que
347 3876 511 3961 nequitiae
541 3884 637 3960 atque
667 3872 818 3938 luxuriae
830 3874 877 3958 11).
909 3874 967 3960 Fla,
998 3897 1080 3960 quae
1112 3886 1299 3961 sequuntur,
1330 3897 1443 3939 rursus
1475 3875 1542 3940 levi

262 3982 380 4045 mendo
403 3981 566 4048 laborant:
588 4003 665 4045 nam
687 4003 747 4067 pro
773 3981 944 4067 „vicinitas
968 3981 1019 4046 θίῑιι
1033 3981 1072 4067 1²)
1099 3983 1335 4047 vicinitate
1365 3981 1539 4068 legendum

262 4109 333 4152 esse
356 4110 397 4152 ex
421 4089 660 4172 comparatione
683 4087 829 4152 Platonis
861 4086 976 4168 elucet,
1006 4090 1062 4176 qui
1085 4088 1166 4153 haec
1197 4089 1340 4174 scripsit:
1363 4091 1409 4153 dr:
1431 4094 1542 4179 πορῤω-

261 4193 347 4257 aava
369 4205 422 4257 τοῦ
446 4198 653 4282 βουλευομένου
676 4206 880 4260 κατοικοῦν...
913 4197 948 4259 τὰ
979 4196 1135 4284 κράτιστον
1158 4194 1230 4260 καθ’
1257 4198 1380 4283 ἠσυχίκν
1403 4199 1465 4284 περὶ
1488 4207 1541 4261 τοῦ

371 4393 389 4457 ¹)
403 4411 427 4458 p.
441 4392 483 4457 73,
497 4393 521 4445 7.
595 4391 651 4460 ²)c.
666 4391 708 4445 17.
781 4391 950 4458 ⁸)e.18‚19.
1023 4391 1229 4459 ⁴)a23-26.
1303 4391 1324 4462 5)
1340 4394 1407 4445 nim.
1421 4392 1539 4446 691)-

256 4477 295 4532 el
315 4481 345 4531 B.
417 4478 437 4545 ο)
457 4498 481 4546 p.
501 4479 543 4543 79,
562 4481 587 4535 6.
662 4478 681 4547 τ)
700 4498 723 4534 c.
743 4479 778 4532 24
796 4499 820 4546 p.
840 4480 884 4534 32.
957 4479 977 4547 ⁸)
997 4499 1020 4547 p.
1042 4481 1084 4546 29,
1103 4479 1128 4534 ὅ.
1202 4478 1309 4549 ⁰)Tim.
1329 4499 1355 4546 p.
1375 4481 1410 4534 70
1428 4485 1459 4534 A.

371 4566 403 4633 ¹⁰)
422 4571 476 4620 iam
504 4578 586 4636 patet,
615 4587 695 4636 quam
722 4571 812 4636 inepte
840 4571 1040 4622 Goldbacherus
1064 4570 1114 4622 hoc
1132 4572 1191 4621 loco
1211 4579 1242 4621 et
1261 4571 1405 4634 induxerit,
1425 4571 1494 4635 qnod
1512 4572 1540 4620 in

259 4675 324 4710 mss.
344 4659 426 4708 deest

371 4749 403 4813 ν)
422 4765 447 4812 p.
467 4745 509 4807 rs,
528 4745 553 4799 υ.
628 4746 713 4815 1νυ).
734 4765 758 4799 v.
778 4703 802 4800 νζ

1524 4852 1541 4905 a
