3608 5460
297 420 317 485 8
789 442 973 491 apenninus
991 442 1079 483 siuxo
1504 417 1577 488 [13⁶]

298 630 385 697 ficili
409 631 503 716 argui
526 639 641 717 potest,
664 630 750 717 quod
774 631 816 694 eit
839 640 871 695 et
892 629 998 717 qualis
1022 631 1107 712 eitl).
1131 629 1205 710 Qua
1227 653 1269 696 ex
1299 632 1580 716 argumentatione

297 738 457 824 Apuleius
480 737 611 802 nonnisi
633 735 791 801 nonnulla
813 735 867 801 dei
889 736 1071 824 desumpsit
1096 735 1362 824 praedicamenta
1371 737 1406 824 ¹),
1430 758 1506 801 cum
1528 737 1579 802 di-

296 845 347 910 xit
369 867 444 910 eum
474 845 703 932 incorporeum
735 865 807 908 esee
839 843 930 923 (ὥστε
960 843 1117 932 ἀσώματος
1146 841 1182 907 ἂν
1212 847 1255 932 εἴη
1285 844 1449 930 teau),
1470 865 1580 910 rerum

297 952 478 1037 genitorem
501 958 675 1038 rerumque
706 951 851 1014 omnium
883 953 1222 1033 exornatorem⁴)
1254 954 1309 1033 (πα
1331 951 1363 1039 ’ρ
1394 943 1428 1016 δέ
1451 953 1512 1015 ἐστι
1534 962 1579 1034 τῷ

297 1062 387 1134 αἴτιος
409 1056 478 1122 εἶναι
493 1063 612 1122 πάντων
628 1059 678 1121 καὶ
693 1068 854 1135 κοσμεῖν
876 1060 928 1122 τὸν
943 1061 1073 1145 οὐράνιον
1087 1061 1163 1139 νοῦν)
1174 1062 1208 1144 ⁶),
1223 1059 1380 1145 optimum
1396 1058 1535 1144 (ἀγαθον)
1546 1062 1581 1144 ⁶),

296 1165 379 1231 nihil
402 1165 607 1252 indigentem
630 1156 815 1253 (ἀπροσδεής)
826 1169 859 1244 l).
883 1165 976 1230 Haec
998 1164 1118 1251 Apulei
1134 1163 1175 1230 de
1191 1165 1252 1230 deo
1268 1165 1445 1251 disputatio
1467 1165 1579 1230 verbis

296 1272 444 1338 Platonis
479 1270 694 1357 concluditur,
728 1293 812 1358 quae
842 1271 1008 1336 nonnullis
1039 1272 1171 1336 mutatis
1202 1295 1220 1336 e
1252 1271 1384 1337 Timaeo
1415 1273 1580 1359 exscripta

297 1390 386 1463 eunt,
425 1378 604 1466 praemissa
638 1379 756 1442 Latina
785 1378 1058 1464 interpretatione.
1090 1417 1133 1426 -
1178 1380 1271 1460 Quae
1301 1400 1353 1443 res
1384 1379 1512 1445 duabus
1540 1379 1581 1445 de

297 1487 405 1552 causis
436 1485 571 1550 maximi
602 1494 652 1550 est
682 1486 716 1549 in
746 1497 857 1550 nostra
882 1485 1108 1572 disquisitione
1131 1486 1299 1551 momenti:
1322 1486 1470 1550 Primum
1493 1487 1581 1551 enim

298 1592 453 1658 docemur
477 1615 515 1658 ea
537 1593 580 1657 ab
600 1592 738 1679 Apuleio
753 1602 882 1680 praeter
904 1592 1026 1657 librum
1050 1592 1224 1679 Graecum,
1247 1615 1310 1680 quo
1333 1594 1480 1659 Platonis
1503 1616 1580 1659 con-

297 1700 486 1765 tinebantur
519 1700 643 1787 placita
676 1722 718 1765 ex
748 1700 879 1786 scriptis
910 1699 1048 1765 collecta
1078 1711 1109 1765 et
1140 1699 1254 1765 ordine
1281 1700 1422 1788 quodam
1446 1701 1581 1788 digestu,

297 1807 396 1872 etiam
426 1807 529 1893 ipsius
564 1806 709 1871 Platonis
737 1828 845 1893 opera,
877 1807 1038 1892 imprimis
1069 1807 1248 1891 Timaeum,
1280 1818 1313 1872 et
1335 1807 1436 1874 verba
1458 1808 1581 1895 passim

297 1915 445 2000 inspecta
468 1924 564 2001 atque
587 1913 734 1978 adhibita
756 1935 841 1995 esse3
863 1923 934 1978 tum
957 1914 1185 2000 cognoscimus
1208 1914 1375 1982 Ciceronis
1398 1915 1581 1981 versionem

257 2028 267 2109 t
298 2021 424 2085 Timaei
447 2020 607 2085 Platonici
637 2019 734 2106 plane
765 2020 806 2085 ab
838 2043 876 2085 eo
907 2019 1091 2105 neglectam
1114 2043 1194 2086 esse.
1217 2021 1289 2086 Iam
1313 2043 1464 2107 compara
1486 2019 1581 2088 haec:

505 2128 584 2194 spu.
602 2145 629 2194 p.
649 2112 693 2192 aa
711 2127 746 2180 aa
1101 2129 1158 2181 cra.
1177 2129 1245 2179 rim.
1264 2127 1282 2182 o
1300 2146 1326 2195 p.
1346 2129 1381 2183 aa
1400 2130 1421 2180 o

299 2218 376 2270 ouius
400 2215 472 2281 (dei)
496 2224 620 2268 naturam
645 2218 767 2268 invenire
794 2217 906 2268 difficile
978 2218 1054 2268 illum
1073 2218 1198 2284 quidem..
1218 2217 1339 2271 invenire
1357 2219 1468 2270 difficile
1486 2226 1536 2283 eet,
1555 2225 1583 2269 et

299 2314 349 2372 eet,
368 2309 391 2356 ei
409 2305 520 2358 inventa
538 2308 582 2370 ait,
595 2307 624 2356 iu
637 2307 733 2357 multos
747 2321 807 2356 eam
820 2322 903 2356 cuun—
976 2322 1037 2356 cum
1055 2307 1110 2357 iam
1127 2307 1271 2372 inveneris,
1294 2308 1414 2358 indicare
1437 2309 1466 2359 in
1484 2308 1583 2374 vulgus

299 2396 363 2446 tiari
380 2412 434 2445 non
453 2411 539 2461 posse.
977 2397 1061 2446 nesae.

407 2482 472 2549 Sed
503 2483 637 2547 maioris
667 2483 703 2546 in
732 2482 796 2548 hac
826 2505 863 2546 re
895 2482 1149 2548 demonstranda
1179 2484 1381 2549 auctoritatis
1413 2498 1488 2550 sunt
1511 2483 1584 2569 loci,

299 2588 418 2677 quibus
442 2589 602 2676 Apuleius
634 2589 724 2654 clara
754 2612 835 2655 voce
859 2589 980 2656 clamat
1010 2613 1045 2656 se
1067 2592 1211 2677 primum
1234 2613 1310 2657 cum
1334 2590 1583 2657 difficultatibus

299 2697 425 2762 Timaei
448 2698 483 2761 in
507 2696 661 2762 Latinum
684 2696 835 2763 vertendi
858 2696 989 2762 luctari:
1022 2698 1136 2786 Itaque
1167 2720 1243 2763 cum
1275 2697 1316 2763 de
1338 2709 1491 2786 quattuor
1513 2700 1583 2763 ani-

299 2802 460 2867 mantium
483 2803 660 2888 generibus
691 2803 843 2890 loquitur,
874 2805 1007 2869 tertium
1038 2815 1204 2870 terrenum
1232 2815 1329 2891 atque
1352 2815 1505 2871 terrestre
1527 2829 1585 2893 ap-

299 2909 400 2995 pellat
421 2910 590 2996 additque:
621 2910 684 2975 sic
715 2911 826 2974 enim
855 2901 974 2986 πεζόν
1004 2921 1044 2975 et
1078 2921 1265 3000 χερσαῖον
1299 2912 1450 2976 censui
1485 2934 1584 2976 nun·

300 3017 505 3104 cupanda

460 3163 538 3227 Apul.
558 3178 583 3226 p.
603 3161 646 3224 73,
667 3161 681 3213 1
702 3177 758 3227 sqq.
1090 3162 1144 3213 Cic.
1164 3163 1231 3216 Tim.
1251 3161 1286 3215 35
1304 3179 1330 3228 p.
1350 3161 1385 3216 39
1404 3163 1432 3214 0.

299 3251 354 3301 iam
372 3251 432 3315 ipsa
451 3251 630 3301 animantium
642 3266 742 3317 genera
753 3251 781 3300 in
795 3252 833 3300 lV
845 3266 904 3316 spe·
977 3257 1055 3300 eraut
1082 3257 1173 3301 autem
1200 3252 1380 3303 animantium
1407 3267 1507 3318 genera
1535 3252 1585 3302 lvo

300 3340 355 3391 cies
373 3340 537 3402 dividuntur,
556 3355 669 3406 quarum
682 3356 737 3390 una
750 3347 792 3390 eet
810 3355 843 3390 ex
856 3355 903 3391 na·
979 3355 1091 3405 quorum
1108 3356 1191 3390 unum
1210 3341 1329 3392 divinum
1355 3349 1436 3407 atque
1460 3341 1586 3406 caeleste,

299 3435 361 3480 tura
379 3429 493 3495 ignis...
524 3430 639 3480 alterum
663 3445 698 3482 ex
722 3429 797 3480 atria
814 3429 901 3495 quali·
979 3428 1094 3480 altarum
1111 3428 1283 3496 pinnigerum
1301 3437 1328 3481 et
1347 3431 1457 3493 aerium,
1476 3429 1585 3480 tertium

300 3522 365 3581 tate,
384 3519 493 3568 tertium
517 3533 550 3567 ex
574 3533 645 3583 aqua
669 3524 793 3584 terraque
817 3518 904 3570 coale·
984 3517 1178 3584 <aquatile>‚
1197 3525 1322 3569 terrestre
1341 3525 1473 3584 quartum.

300 3621 382 3669 scere,
411 3613 437 3658 et
463 3607 575 3657 mortale
600 3623 684 3670 genus
704 3622 735 3657 ex
765 3622 796 3657 eo
825 3607 908 3657 dividi

301 3700 436 3746 terrenum
456 3703 536 3762 atque
555 3693 717 3762 terrestre⁸).

408 3827 548 3893 Albinus
572 3828 703 3916 quidem
727 3851 899 3916 corporum
931 3829 1119 3896 caelestium
1144 3840 1176 3894 et
1200 3829 1395 3894 daemonum
1424 3829 1585 3895 creatione

300 3933 473 4021 descripta,
497 3937 561 4001 tria
584 3935 799 4000 animantium
822 3959 944 4022 genera
974 3947 1098 4003 restare
1121 3936 1210 4020 dicit,
1237 3958 1320 4023 quae
1345 3937 1476 4021 quidem
1499 3957 1586 4001 mor-

409 4169 429 4230 1)
448 4185 470 4220 o.
492 4169 533 4221 10.
607 4167 628 4237 ²)
653 4185 678 4234 p.
703 4167 747 4234 66,
770 4167 814 4231 20,
839 4169 886 4219 ubi
910 4184 958 4233 pro
986 4169 1063 4232 „sed“
1085 4175 1117 4220 et
1142 4168 1285 4234 legendum
1304 4177 1346 4218 est
1364 4184 1405 4233 ea,
1424 4183 1493 4234 quae
1512 4175 1587 4219 ante·

301 4258 373 4309 cedit
391 4259 536 4324 sententia,
555 4274 588 4309 ex
606 4258 657 4309 hoc
676 4259 734 4309 loco
753 4265 868 4310 extrusa.
943 4255 963 4322 ⁸)
981 4274 1005 4322 p.
1026 4257 1069 4319 22,
1088 4255 1113 4310 6.

408 4345 430 4413 ⁴)
449 4349 528 4398 Hauc
553 4348 685 4412 Lenuepii
709 4348 891 4398 coniecturam
916 4363 977 4397 cum
1001 4346 1208 4398 Hildebrandtio
1235 4347 1264 4396 iu
1287 4351 1388 4397 textum
1407 4347 1588 4412 recipiendam

300 4451 343 4486 ιιο
362 4451 411 4500 pro
430 4443 605 4500 extortor,
624 4436 694 4503 quod
714 4436 789 4488 codd.
810 4436 947 4499 exhibent,
966 4436 1047 4487 docet
1067 4436 1200 4488 Graecum
1219 4434 1326 4502 κοσμοῖνς
1345 4434 1525 4502 Oudendorpii
1543 4451 1589 4488 ex-

301 4532 462 4577 structor
480 4529 515 4578 ab
534 4528 565 4577 E.
586 4525 702 4576 Rohde'o
721 4524 924 4576 commendatus
942 4525 1021 4575 nihili
1040 4533 1089 4576 est.

410 4614 474 4685 ⁶)p.
493 4615 537 4678 20,
556 4612 592 4667 35
610 4631 648 4680 sq.
722 4611 741 4680 ο)
761 4630 786 4678 p.
806 4612 849 4679 20,
868 4613 911 4667 30.
986 4611 1003 4678 ⁷)
1023 4615 1058 4667 ib.
1078 4613 1161 4668 vac.

409 4702 430 4770 Β)
449 4706 484 4756 ot.
503 4704 636 4756 chalcidii
655 4703 735 4753 huius
753 4703 806 4754 loci
825 4703 988 4754 versionem:
1010 4703 1091 4767 „deus
1109 4704 1217 4755 diversa
1238 4704 1398 4756 animalium
1417 4720 1516 4771 genera
1534 4709 1589 4753 sta·
