3608 5460
260 440 304 506 50
751 465 934 506 wunnerus
953 464 1042 507 oraro
1464 436 1541 511 [178]

260 656 374 722 Caium
391 652 604 721 Platonicum.
622 656 686 720 Hic
701 677 858 720 novorum
875 655 1116 720 Platonicorum
1129 655 1252 741 agmini
1267 655 1303 718 in
1319 653 1543 741 philosophiae
1656 666 1659 671 “

260 761 406 829 Graecae
429 763 562 827 historia
592 762 829 850 praeficiendus
857 774 915 849 eat,
937 786 1000 850 quo
1023 763 1094 827 loco
1118 784 1194 827 eum
1215 763 1250 826 in
1274 761 1391 851 (lyrilli
1414 762 1541 827 chico

259 869 418 953 (Crameri
442 871 566 936 Anecd.
591 871 663 935 Par.
695 871 756 952 IV)
786 871 986 935 invenimus:
1010 873 1062 934 τὸν
1085 870 1138 957 μὲν
1162 868 1314 934 Πλάτωνα
1336 873 1541 957 coopmanne-

260 979 337 1063 ζουσι
364 983 512 1043 πλεῖστοι·
528 979 728 1066 χρησιμότεροι
759 973 792 1041 δὲ
825 976 915 1062 Γάϊος,
949 977 1076 1062 Αλβῖνος,
1108 975 1227 1065 Ταῦρος,
1258 976 1436 1064 Πρω-κυνός,
1459 975 1541 1065 Πρό-

259 1089 336 1168 κλος,
360 1083 532 1170 duplorum.
560 1086 667 1150 Huiua
691 1087 773 1150 ratio
797 1109 899 1151 novca
922 1085 1085 1149 auditores
1097 1085 1131 1148 in
1144 1084 1289 1149 Platonis
1301 1082 1537 1170 philosophiam

259 1192 485 1256 introducendi
522 1193 708 1279 exemplum
744 1193 842 1277 dedit,
877 1193 917 1256 ad
952 1192 1037 1278 quod
1073 1193 1107 1255 in
1139 1192 1317 1256 Academia
1358 1213 1457 1277 usque
1496 1191 1538 1255 ad

259 1297 425 1364 sacculum
460 1301 619 1385 quintum,
657 1299 793 1364 fortasse
831 1301 928 1363 ctiam
963 1309 1090 1362 sextum
1127 1297 1348 1385 philosophiae
1394 1297 1538 1362 studium

259 1405 437 1471 coleretur:
484 1406 586 1470 Novis
629 1406 831 1471 auditoribus
876 1408 944 1470 vita
987 1404 1131 1470 Platonis
1175 1405 1404 1489 enarrabatur,
1450 1427 1540 1469 com-

260 1513 415 1599 pendium
454 1514 551 1577 tot-ius
588 1514 753 1578 doctrinae
783 1515 815 1577 in
849 1512 1082 1601 philosophiam
1120 1513 1318 1598 rationalem,
1349 1512 1540 1598 naturalem,

260 1619 415 1684 moralem
450 1618 575 1685 divisae
614 1620 824 1685 ediscendum
858 1621 1111 1708 proponebatur,
1149 1620 1351 1706 dialogorum
1376 1622 1457 1685 ratic
1480 1644 1539 1686 ex-

259 1725 456 1813 plicabatur,
486 1727 566 1791 ordo
600 1729 732 1814 quidam
768 1727 978 1815 legendorum
1015 1727 1312 1813 commendabatur,
1345 1727 1539 1813 intellegen-

259 1833 375 1897 dorum
414 1836 496 1899 ratio
531 1834 797 1900 constituebatur.
844 1835 906 1899 His
940 1835 1043 1899 initiis
1076 1834 1194 1899 imbuti
1231 1835 1377 1920 dialogos
1414 1834 1538 1920 ordine,

259 1962 355 2027 quem
385 1962 427 2006 ex
460 1941 580 2007 Albino
611 1943 772 2017 novimus,
796 1941 947 2027 legebant
966 1943 1122 2029 magistro
1145 1941 1237 2027 duce,
1261 1943 1355 2007 cuius
1377 1943 1538 2029 interpre-

258 2047 349 2111 tandi
373 2047 504 2112 modum
529 2047 582 2113 vel
606 2070 647 2113 ex
670 2048 778 2114 Procli
802 2059 834 2114 et
857 2049 1011 2115 Hermiae
1030 2048 1271 2114 Platonicorum
1296 2033 1538 2114 commentariis

259 2175 454 2240 cognoscere
478 2177 658 2242 possumus.
