3608 5460
256 424 300 489 48
749 447 933 488 rnnnnnnus
955 447 1043 488 sunno
1467 417 1545 492 [176]

259 638 394 703 demico.
440 635 619 701 Extollitur
650 635 768 701 deinde
797 637 891 722 pueri
921 637 1090 722 ingenium
1122 636 1280 701 eximium
1303 646 1335 701 et
1356 635 1543 701 litterarum

259 767 373 831 capax,
395 755 465 808 tum
489 743 553 806 duo
576 742 695 808 fratres
717 754 1020 827 commemorantur,
1043 743 1184 829 denique
1206 753 1430 830 praeceptores
1454 742 1543 808 litte-

259 873 370 914 rarum
382 851 671 937 gymnasticaeque
683 850 900 935 nominantur,
916 871 977 915 nec
990 872 1055 913 non
1070 850 1216 936 picturae
1232 860 1265 915 et
1277 871 1410 935 poeseos
1422 849 1543 915 studia.

139 995 143 1001 -
260 958 322 1022 His
346 956 495 1022 Socrates
518 957 616 1021 finem
639 958 757 1043 posuit,
781 967 857 1020 ante
881 957 974 1021 cuius
1002 956 1257 1022 familiaritatem
1281 956 1410 1022 Platoni
1433 957 1544 1022 Hera-

260 1063 329 1129 cliti
351 1063 554 1150 philosophia
578 1064 709 1148 cognita
732 1073 788 1127 est.
820 1063 1003 1128 Narrantur
1026 1062 1172 1128 Platonis
1199 1085 1278 1148 erga
1301 1063 1444 1129 Socratis
1467 1062 1543 1151 phi-

259 1170 438 1257 losophiam
462 1170 584 1253 merita,
616 1168 847 1235 describuntur
877 1171 1154 1257 peregrinationes
1185 1169 1319 1237 Socrate
1350 1180 1475 1235 mortuo
1498 1169 1542 1235 ad

260 1277 497 1365 Pythagoreos,
532 1275 737 1341 Theodorum
771 1275 1004 1364 Cyrenaicum,
1046 1277 1190 1366 Aegypti
1222 1276 1394 1364 prophetas
1425 1276 1542 1363 factae,

259 1406 321 1449 nec
344 1406 409 1447 non
432 1382 600 1471 Archytae
630 1384 798 1447 Tarentini
822 1382 981 1448 salutatio
1028 1383 1127 1448 Indos
1160 1394 1192 1449 et
1222 1384 1336 1469 Magos
1366 1385 1541 1470 quominus

261 1490 374 1576 adiret,
396 1489 482 1554 bello
505 1490 686 1572 prohibitus
710 1501 766 1555 est.
782 1529 821 1537 -
836 1491 898 1554 His
922 1490 1079 1556 absolutis
1094 1492 1177 1555 ratio
1193 1491 1442 1576 demonstratur,
1457 1513 1542 1578 quae

260 1599 345 1661 inter
369 1597 513 1663 Platonis
536 1595 771 1684 philosophiam
804 1609 835 1661 et
858 1610 1077 1662 antecessores
1105 1609 1200 1683 atque
1224 1609 1373 1662 auctores
1397 1599 1467 1662 eius
1488 1599 1540 1662 in·

259 1703 413 1788 tercedat,
444 1703 571 1768 scilicet
601 1727 647 1787 ea,
671 1703 757 1790 quod
781 1703 821 1768 ab
845 1726 882 1769 co
907 1703 1055 1788 singulae
1086 1702 1307 1790 philosophiae
1334 1716 1451 1792 partes,
1475 1705 1542 1768 iam

260 1810 326 1874 illis
350 1813 498 1896 cognitae
522 1812 556 1874 in
579 1833 682 1874 unum
705 1820 802 1896 atque
824 1821 926 1874 totum
951 1832 1067 1896 corpus
1090 1809 1253 1896 quoddam
1277 1811 1475 1897 tripertitum
1490 1833 1542 1876 re-

260 1918 375 1982 dactae
398 1929 473 1982 sunt
497 1930 528 1982 et
551 1917 636 1983 bono
659 1939 807 1983 sermone
831 1917 1020 2004 descriptae.
1043 1917 1186 1982 Additur
1202 1917 1387 1982 auditorum
1410 1919 1541 2003 martie,

259 2047 312 2089 res
336 2024 507 2090 familiaris
531 2047 550 2088 a
573 2036 699 2089 mortuo
722 2023 837 2088 relicta
860 2024 1064 2108 describitur,
1088 2023 1227 2110 denique
1242 2025 1474 2091 obtrectatores
1489 2046 1541 2089 re-

259 2132 407 2197 futantur
429 2133 499 2196 eius
522 2131 683 2197 adventus
707 2133 742 2194 in
765 2130 911 2198 Siciliam
935 2143 1113 2218 carpentes,
1138 2143 1170 2196 et
1184 2133 1283 2195 trium
1307 2132 1542 2219 peregrinatio-

260 2262 338 2303 num
354 2260 452 2303 verae
468 2261 586 2303 causae
603 2238 818 2324 proferuntur.
832 2239 958 2303 -Iam
974 2260 1016 2303 ex
1031 2238 1092 2303 hoc
1110 2250 1284 2325 conspectu
1302 2239 1407 2303 elucet
1420 2237 1542 2326 Apulei

260 2345 476 2409 narrationem
502 2344 690 2409 confusione
714 2345 853 2430 quadam
877 2368 941 2409 non
967 2368 1037 2410 esse
1052 2345 1202 2411 liberam:
1228 2346 1304 2411 Huc
1320 2347 1459 2431 pertinet
1474 2345 1542 2410 lra-

260 2464 347 2518 trum
371 2454 632 2517 commemoratio
657 2456 698 2538 (p.
722 2454 774 2536 64,
800 2453 862 2538 16),
894 2453 986 2515 cuius
1009 2452 1100 2518 locus
1123 2462 1196 2539 post
1219 2463 1369 2539 parentes
1392 2453 1543 2517 nomina-

260 2570 311 2624 tos
335 2559 405 2644 fuit,
429 2581 570 2623 necnon
595 2559 784 2623 meritorum
803 2560 934 2644 mentio,
957 2581 1039 2645 quae
1054 2561 1089 2622 in
1105 2560 1248 2627 Socratis
1263 2559 1467 2646 philosophia
1483 2581 1543 2624 ex-

261 2665 397 2730 colenda
419 2666 533 2730 habuit
556 2670 597 2752 (p,
621 2668 675 2750 66,
701 2669 776 2730 1-
788 2667 831 2749 5).
855 2666 947 2731 Haec
963 2668 1050 2730 enim
1066 2678 1138 2752 post
1153 2667 1429 2753 peregrinationes
1445 2688 1543 2731 enar-

261 2784 349 2837 ratas
373 2796 430 2836 suo
454 2772 524 2837 loco
547 2783 746 2858 repetuntur.
769 2772 865 2854 Quod
880 2783 989 2836 autem
1005 2774 1237 2858 gravissimum
1254 2783 1303 2837 est
1317 2771 1447 2840 Siculae
1463 2772 1542 2836 illae

259 2873 536 2967 peregrinationes
553 2891 585 2943 et
601 2901 719 2944 causae
742 2902 855 2944 earum
878 2902 944 2943 non
967 2881 1052 2944 inter
1075 2879 1139 2944 alia
1162 2880 1280 2944 itinera
1303 2892 1539 2967 proponuntur,

261 2987 318 3053 sed
342 2986 531 3074 appendicis
554 2987 625 3050 loco
648 2988 736 3052 vitae
760 2986 991 3072 adiunguntur.
1038 2987 1212 3052 Praeterea
1242 2985 1439 3051 Academiae
1468 2999 1543 3074 post
1627 3001 1630 3005 “

261 3094 401 3158 reditum
426 3093 574 3158 conditae
598 3095 718 3159 mentio
742 3092 954 3158 desideratur.

366 3200 458 3266 Idem
482 3202 677 3265 narrationis
694 3223 809 3265 cursus
833 3202 867 3264 in
892 3200 1135 3286 Prolegomenis
1158 3200 1380 3287 philosophiae
1395 3200 1542 3266 Platonis

261 3308 472 3392 conspicitur:
498 3309 674 3372 Parentum
697 3317 729 3373 et
751 3309 892 3372 nominis
917 3308 1254 3372 commemorationem
1287 3318 1465 3394 sequuntur
1488 3330 1543 3372 ar-

261 3425 424 3501 gumenta,
448 3412 565 3501 quibus
589 3413 837 3497 demonstratur,
868 3436 943 3478 eum
967 3415 1076 3478 virum
1105 3413 1207 3478 fuisse
1230 3413 1451 3500 Apollineum:
1475 3415 1543 3499 pri·

261 3544 352 3586 mum
375 3522 478 3607 ipsius
501 3520 612 3607 verba,
634 3530 704 3584 tum
720 3520 872 3605 Socratis,
889 3520 1028 3606 denique
1048 3522 1152 3608 ipsius
1168 3522 1375 3606 insomnium,
1398 3542 1542 3586 necnon

262 3629 383 3693 mensis
406 3639 439 3693 et
462 3627 532 3692 dies
556 3627 717 3714 Apollinis
741 3649 832 3692 sacer
855 3628 895 3714 (c.
921 3627 961 3715 1).
985 3629 1144 3715 Tempore
1173 3650 1252 3694 vero
1276 3628 1460 3692 accuratius
1484 3628 1542 3692 de·

261 3736 351 3799 finito
384 3736 482 3799 etiam
520 3735 621 3819 patris
655 3735 853 3799 insomnium
886 3747 1046 3820 narratur,
1078 3758 1142 3821 quo
1176 3757 1218 3799 ne
1253 3736 1349 3799 uxori
1383 3734 1541 3820 gravidae

260 3843 363 3907 coiret
386 3843 505 3906 vetitus
529 3854 585 3905 est.
609 3841 762 3927 Sequitur
783 3853 1027 3930 praeceptorum
1052 3842 1252 3906 enumeratio
1276 3842 1315 3928 (c.
1331 3842 1374 3928 2),
1398 3841 1541 3908 Socratis

262 3951 493 4015 commercium
517 3948 557 4034 (c.
581 3949 623 4034 3),
645 3949 932 4035 peregrinationes,
955 3949 1089 4034 reditus,
1117 3948 1296 4013 Academia
1320 3948 1459 4034 condita,
1482 3971 1543 4013 su-

260 4055 382 4120 ditores
406 4056 445 4142 (c.
465 4057 508 4141 4),
531 4055 753 4142 philosophiae
775 4056 910 4121 inventa
933 4061 972 4138 (c.
997 4057 1038 4142 h),
1062 4078 1157 4120 mors.
1181 4055 1331 4142 capitulo
1347 4059 1386 4134 (c.
1404 4055 1542 4142 7-13)

261 4184 340 4228 vero
372 4162 514 4228 secundo
545 4161 750 4249 philosophia
781 4163 850 4227 eius
883 4185 957 4227 cum
989 4164 1248 4228 antecessoribus
1279 4173 1375 4248 atque
1406 4164 1462 4247 eis,
1485 4162 1543 4249 qui

261 4292 336 4334 eum
361 4271 463 4334 secuti
487 4282 571 4355 sunt,
603 4282 818 4356 comparatur,
849 4271 1046 4355 praestantia
1070 4273 1139 4334 eius
1168 4292 1245 4356 prae
1269 4269 1384 4335 ceteris
1408 4267 1544 4334 demon-

262 4388 391 4441 stratur.
414 4377 523 4440 Etiam
547 4376 737 4442 dialecticae
760 4377 895 4442 scientia
918 4377 1085 4442 extollitur
1107 4382 1148 4460 (c.
1166 4377 1229 4462 11).

369 4483 573 4547 Narrationis
597 4505 712 4547 cursus
737 4505 811 4548 cum
835 4483 974 4571 Apuleio
999 4507 1073 4550 cum
1096 4483 1341 4569 Prolegomenis
1365 4483 1430 4547 illis
1454 4504 1542 4548 com-

262 4590 370 4653 munis
394 4591 444 4675 sit,
468 4589 625 4653 nonnulla
647 4601 756 4654 tamen
779 4589 836 4654 ille
858 4590 964 4677 habet,
987 4613 1069 4677 quae
1092 4591 1146 4655 hic
1170 4590 1406 4674 desiderantur,
1438 4588 1542 4654 multa

261 4695 316 4760 hic
339 4696 559 4782 inveniuntur,
581 4718 664 4782 quae
687 4695 727 4760 ab
751 4695 808 4761 illo
831 4698 951 4761 omissa
975 4707 1057 4762 sunt.
1092 4698 1245 4762 Fratrum
1277 4697 1421 4762 Platonis
1453 4718 1542 4762 com-
