3608 5460
194 445 265 517 [151]
342 455 384 494 nn
398 455 506 494 usuum
524 455 563 494 nr
577 456 679 495 susim
695 456 868 496 noormuus
884 456 1071 498 Psinemoun
1089 458 1328 498 unuunuurromu
1429 437 1471 500 23

195 643 326 732 sophiae
351 655 449 730 eaput
478 646 513 707 in
544 645 681 709 seientia
703 645 802 730 pouit,
834 644 952 730 quibus
983 645 1162 710 rationibus
1191 645 1234 709 ad
1263 648 1366 711 vitam
1396 647 1473 712 bea-

194 762 261 816 tam
283 753 502 839 perveniatur.
527 751 578 816 Ab
602 775 640 816 ea
662 774 741 816 vero
765 752 925 817 sententia
949 751 991 816 ad
1014 753 1171 817 bonorum
1196 755 1472 819 enumerationem

194 859 239 923 ita
261 860 386 943 transit,
419 872 455 922 ut
486 857 585 923 dicat:
623 881 757 944 ,verum
790 870 825 922 ut
857 858 1091 924 beatitudinem
1124 859 1282 924 bonorum
1310 861 1374 925 fine
1396 872 1472 926 ante

194 965 259 1030 ulia
293 969 490 1051 <coquito>
525 966 788 1050 contingere
819 977 893 1035 t<e
926 966 1092 1051 scias>,
1124 967 1301 1052 ostendam,
1324 989 1407 1053 quae
1432 967 1472 1033 de

193 1072 255 1138 hoe
278 1072 371 1136 Plato
395 1073 561 1137 senserit“.
584 1073 698 1158 Itaque
721 1073 826 1159 prima
843 1072 936 1156 bona,
952 1095 1034 1159 quae
1049 1095 1108 1159 per
1123 1096 1157 1138 se
1173 1075 1247 1159 sint,
1270 1074 1367 1139 deum
1383 1097 1472 1138 sum-

193 1202 284 1244 mum
307 1191 511 1265 mentemque
535 1201 605 1244 esse
638 1179 813 1264 contendit,
846 1181 966 1264 quain
997 1201 1032 1243 re
1054 1178 1143 1244 haud
1166 1179 1262 1266 longe
1286 1181 1327 1245 ab
1351 1181 1472 1246 Albino

193 1286 353 1370 discessit,
381 1287 435 1372 qui
466 1297 658 1350 nostrum
690 1285 810 1350 bonum
842 1287 983 1370 primum
1014 1288 1049 1349 in
1081 1287 1351 1373 contemplatione
1374 1290 1472 1374 primi

192 1392 270 1459 boni
293 1395 408 1479 posuit,
432 1395 501 1479 ὅπερ
525 1394 596 1458 θεὸν
619 1416 654 1456 τε
678 1396 726 1456 καὶ
749 1404 812 1457 νοῦν
835 1396 887 1457 τὸν
910 1405 1026 1480 πρῶτον
1048 1396 1253 1482 προσαγορεύοι
1278 1397 1310 1458 οἷν
1332 1420 1375 1468 τις
1387 1400 1419 1477 1).

300 1501 427 1564 Horum
450 1500 697 1586 participatione
720 1499 861 1586 quadam
882 1501 975 1585 (uara
990 1501 1157 1586 μετουσίαν)
1167 1501 1191 1586 2)
1215 1499 1366 1587 humana,
1389 1524 1472 1588 quae

193 1606 356 1690 dicuntur,
380 1607 464 1671 bona
497 1617 653 1692 constare,
677 1607 857 1692 sanitatem,
885 1606 1033 1691 formam,
1057 1607 1165 1690 robur,
1188 1606 1320 1672 divitias
1345 1609 1472 1694 similla,

192 1736 274 1800 quae
298 1727 406 1778 tamen
438 1714 568 1777 nonnisi
601 1735 672 1777 cuni
699 1714 821 1778 virtute
852 1714 938 1779 bona
969 1715 1035 1778 sint
1046 1716 1083 1795 ³),
1106 1713 1344 1801 virtutemquae
1366 1715 1470 1801 ipsam

193 1820 234 1885 ad
257 1821 493 1885 beatitudinem
526 1820 676 1885 sufficere
686 1826 720 1902 4).
765 1821 889 1886 Eodem
920 1820 1016 1885 modo
1039 1820 1198 1907 Apuleius
1222 1821 1365 1885 secunda
1388 1823 1471 1887 bona

192 1950 251 2014 per
272 1928 510 2014 perceptionem
535 1927 606 1991 fieri
630 1927 710 1992 dicit
732 1940 764 1992 et
787 1950 828 1991 ex
847 1927 993 2011 priorum
1016 1927 1104 1992 fonte
1119 1928 1287 2014 profluere,
1312 1928 1369 1992 sed
1392 1952 1471 1993 non-

193 2034 256 2097 nisi
280 2035 418 2098 virtutes
450 2037 535 2099 inter
565 2057 603 2099 ea
625 2037 724 2122 pouit,
747 2057 886 2122 quarum
913 2035 1129 2122 prudentiam,
1153 2037 1320 2119 iustitiam,
1345 2037 1471 2123 pudici-

191 2141 279 2225 tiam,
310 2141 536 2207 fortitudiuem
567 2154 735 2208 enumerat
767 2153 798 2207 et
829 2142 974 2208 ordinem
1007 2165 1117 2206 earum
1148 2153 1243 2230 atque
1275 2145 1472 2208 aestimatio-

191 2271 265 2312 nem
297 2249 478 2313 seoundum
510 2249 679 2314 Platonem
689 2255 714 2329 ὅ)
748 2251 922 2313 constituit.
968 2248 1081 2313 Altera
1112 2250 1269 2314 bonorum
1294 2250 1412 2314 divisio
1435 2251 1470 2313 in

191 2355 304 2419 divina
328 2367 359 2421 et
381 2355 524 2420 humana
546 2357 721 2444 respondet
744 2357 837 2421 alteri
867 2357 1076 2421 Albinianae:
1106 2349 1193 2422 διττὰ
1216 2350 1248 2421 δὲ
1272 2360 1377 2444 ἀγαθοὶ
1401 2361 1471 2435 ἐστι,

190 2463 305 2549 τὰμὲν
331 2467 506 2548 ἀνθρώπινοι,
531 2466 570 2526 τὰ
594 2456 626 2528 bi
650 2469 760 2546 lew).
784 2465 826 2528 Et
849 2464 962 2529 divina
985 2464 1118 2551 quidem
1141 2465 1225 2529 bona
1249 2465 1362 2530 eadem
1387 2477 1470 2550 sunt,

191 2591 274 2655 quae
297 2570 331 2633 in
355 2573 460 2655 prima
484 2570 645 2635 divisione
669 2595 686 2636 e
711 2594 836 2634 summo
860 2571 943 2636 bono
959 2571 1119 2658 profluere
1135 2571 1223 2637 dicta
1239 2583 1322 2655 sunt,
1346 2572 1471 2638 scilicet

190 2677 340 2756 virtutes,
365 2676 507 2740 humana
539 2700 586 2756 ea,
616 2700 698 2763 quae
729 2688 800 2763 post
830 2700 993 2742 summum
1018 2677 1139 2742 bonum
1163 2678 1303 2742 Albinus
1328 2679 1470 2764 protulit,

191 2785 336 2869 corporis
367 2785 460 2849 bona.
493 2785 599 2848 Etiam
632 2807 715 2871 quae
747 2784 786 2848 do
817 2784 1019 2871 sapientibus
1051 2796 1082 2849 et
1106 2784 1231 2849 stolidis
1259 2787 1351 2850 vario
1375 2786 1470 2850 modo

189 2890 285 2955 bonis
308 2892 452 2956 externis
477 2892 641 2956 utentibus
665 2908 776 2956 narrat
799 2892 965 2978 Apuleius,
989 2891 1102 2957 eodem
1125 2892 1195 2957 loco
1219 2893 1324 2956 fusius
1347 2893 1388 2957 ab
1412 2892 1471 2957 Al-

190 2997 265 3062 bino
291 2997 453 3085 disputata
477 3004 594 3081 suntl).
640 3000 683 3063 Et
707 3021 820 3062 rursus
844 3000 885 3063 ad
908 2999 1022 3064 Albini
1046 3001 1184 3086 primum
1207 3000 1362 3082 bonum8)
1386 3000 1471 3065 redit

189 3105 356 3192 Apuleius,
379 3106 465 3192 quod
489 3129 554 3169 non
577 3128 690 3171 omues
714 3106 851 3192 adipisci
882 3117 1009 3192 queant,
1045 3128 1119 3171 cum
1149 3105 1236 3173 solae
1258 3106 1469 3171 rationabiles

190 3223 315 3276 mentes
338 3225 455 3277 natura
479 3212 561 3278 duce
577 3214 647 3277 eius
663 3212 938 3300 pulchritudinem
955 3223 1116 3299 appetant.
1139 3213 1363 3278 Rationabiles
1379 3236 1470 3278 men-

190 3329 238 3383 tes
262 3333 337 3383 sunt
361 3323 510 3407 φιλόσοφοι
533 3321 624 3409 ψυχαί
648 3320 759 3385 Albini
771 3326 804 3404 ⁹),
828 3331 945 3384 natura
968 3320 1037 3384 dux
1061 3330 1169 3384 coorta
1192 3331 1242 3385 est
1264 3343 1322 3406 per
1350 3318 1469 3384 malam

189 3427 501 3513 interpretationem:
534 3427 797 3514 philosophorum
830 3429 956 3490 animos
988 3428 1116 3490 interno
1147 3428 1286 3513 quodam
1310 3426 1404 3492 oculo
1428 3427 1470 3490 ad

189 3555 319 3598 omnem
342 3547 502 3618 naturam,
533 3556 614 3620 quae
638 3535 763 3598 ratione
793 3535 941 3621 praedita
963 3545 1012 3598 est
1044 3538 1108 3622 (τῆς
1130 3545 1184 3597 τοῦ
1212 3540 1332 3622 λογικοῦ
1363 3535 1470 3607 παντὸς

189 3641 311 3727 ρύοεως)
324 3646 369 3723 ¹⁰),
392 3643 563 3728 pervenire
586 3664 686 3728 posse.
711 3641 776 3707 Sed
798 3662 840 3705 ne
863 3641 1007 3705 secunda
1029 3640 1161 3727 quidem
1184 3640 1269 3705 bona
1285 3640 1470 3705 eommunia

187 3746 310 3833 multis,
333 3770 468 3834 neque
481 3752 519 3829 ¹¹)
535 3747 686 3811 omnibus
703 3747 823 3811 similia
838 3770 908 3812 esse
924 3747 1014 3832 dicit,
1040 3760 1190 3832 repetens
1206 3769 1252 3831 ea,
1276 3768 1358 3832 quae
1374 3745 1468 3810 modo

187 3854 228 3919 de
252 3855 454 3942 sapientibus
490 3866 522 3920 et
556 3855 682 3919 stolidis
713 3854 899 3941 protulerat.
930 3855 1022 3936 Quae
1054 3856 1183 3920 iteratio
1215 3854 1312 3918 ducta
1343 3865 1392 3918 est
1422 3877 1469 3939 eu,

187 3964 274 4051 quod
297 3965 395 4029 etiam
418 3964 559 4029 Albinus
582 3965 617 4027 in
640 3963 704 4027 fine
721 3963 837 4050 capitis
853 3985 899 4047 ea,
915 3985 998 4049 quae
1013 3962 1175 4027 habentur
1191 3961 1284 4046 bona,
1300 3971 1469 4025 enumerat

188 4082 297 4155 utpote
320 4093 403 4156 quae
427 4070 558 4135 felicem
581 4093 645 4135 non
669 4069 809 4136 reddant
832 4075 1091 4157 possesorem12).

294 4181 457 4244 Bonorum
482 4178 658 4264 generibus
681 4177 846 4242 distinctis
875 4176 915 4242 de
938 4177 1003 4240 fine
1026 4175 1184 4240 bonorum
1208 4174 1352 4261 disputat
1376 4172 1468 4238 Albi-

296 4377 315 4441 1)
334 4392 360 4440 p.
380 4373 423 4435 35,
443 4374 478 4428 36
497 4392 535 4441 sq.
610 4373 629 4440 2)
648 4392 673 4440 p.
694 4374 736 4439 36,
755 4373 820 4427 def.
841 4376 878 4426 ib.
898 4391 924 4425 v.
943 4371 977 4423 37
1002 4368 1063 4421 κατὰ
1082 4369 1195 4440 ρετοχήν.
1271 4369 1334 4439 “)ρ.
1354 4369 1396 4434 36,
1417 4369 1468 4421 1-

188 4463 230 4516 11.
321 4463 397 4530 ⁴)it.
417 4482 441 4515 v.
462 4465 504 4516 35.
597 4462 617 4529 ὕ)
638 4467 720 4530 Legg.
740 4462 792 4516 611
812 4465 866 4515 OD.
958 4459 1073 4527 ⁸)p.37.
1089 4461 1112 4513 1.
1207 4458 1263 4526 ⁷)p.
1277 4460 1321 4524 36,
1336 4457 1468 4511 13-33.

294 4551 315 4619 8)
334 4570 358 4618 p.
378 4553 421 4616 35,
446 4554 482 4606 33
500 4571 556 4620 sqq.
576 4551 635 4603 naiso
652 4555 711 4621 γοῦν
730 4549 820 4621 ὀλίγοις
839 4552 887 4601 τῶν
907 4548 1075 4621 γνωρίμων...
1095 4552 1138 4614 τῆς
1151 4546 1260 4617 περὶτοῦ
1273 4545 1368 4617 ἀγαθοῦ
1387 4544 1469 4614 ἀκρω-

186 4642 261 4702 άσῑωί
280 4641 404 4710 μετέδωκε.
478 4641 499 4712 Β)
518 4661 543 4708 p.
562 4642 606 4707 36,
626 4642 668 4696 16.
742 4641 773 4708 10)
792 4644 828 4694 ib.
848 4659 873 4694 r.
893 4641 936 4694 23.
1010 4644 1043 4705 ιι)
1062 4641 1101 4691 sic
1115 4640 1259 4704 legendum
1275 4646 1316 4689 est
1333 4653 1381 4702 pro
1402 4652 1469 4700 „nec

186 4735 273 4798 quod⁸⁴
294 4734 423 4784 codicum.
500 4731 528 4800 ¹²)
547 4751 573 4799 p.
592 4733 635 4797 37,
658 4731 698 4785 14.
