3608 5460
218 439 294 509 [143]
368 465 533 505 passuum
549 465 587 504 ur
603 465 703 504 surim
722 463 893 506 oooraman
910 464 1098 504 rurromoan
1115 464 1353 505 aouusmrroun
1462 440 1503 504 15

221 653 340 719 deinde
363 675 489 740 aquam,
512 664 675 740 postremo
698 664 829 719 terram.
862 651 927 718 Sed
951 674 1033 739 quae
1057 675 1156 738 supra
1168 657 1192 735 1)
1216 653 1251 716 in
1274 652 1390 716 mundi
1414 675 1504 718 crea-

219 763 306 826 tione
330 760 547 826 describenda
577 770 651 847 apte
684 759 745 824 hoc
776 751 891 823 ordine
915 770 1105 824 enumerata
1128 769 1213 844 sunt,
1243 759 1297 824 hic
1320 761 1425 847 posita
1447 760 1503 824 de-

219 878 401 932 monstrant
424 866 563 954 Apuleio
579 868 713 932 minime
729 865 853 931 claram
869 865 971 930 fuisse
986 866 1081 950 hanc,
1101 889 1200 953 quam
1217 866 1373 953 depinxit,
1389 867 1504 931 mundi

219 975 404 1060 imaginem.
427 973 578 1039 Debebat
601 975 688 1038 enim
712 995 787 1038 cum
811 972 967 1059 Albin02)
990 973 1076 1037 inter
1099 975 1278 1038 errantium
1301 984 1333 1038 et
1356 975 1504 1039 inerran-

218 1083 302 1147 tium
337 1081 508 1168 sphaeram
543 1080 675 1146 aethera
709 1103 837 1167 ponere,
872 1080 960 1144 infra
995 1102 1104 1145 aerem
1140 1080 1309 1165 collocare,
1339 1083 1374 1144 in
1397 1081 1504 1147 medio

222 1200 331 1255 autem
356 1211 431 1254 oum
453 1189 589 1253 humore
613 1211 671 1252 suo
687 1201 816 1253 terram.
841 1187 950 1267 Quam
974 1209 1050 1251 cum
1065 1187 1234 1274 aequalem
1257 1187 1328 1252 loco
1345 1211 1384 1253 ac
1400 1188 1506 1274 figura

219 1296 420 1362 immobilem
441 1307 526 1361 stare
542 1296 630 1381 dicit,
646 1295 755 1360 reddit
777 1293 890 1359 Albini
914 1293 996 1360 haec
1008 1300 1044 1376 ³):
1060 1296 1242 1382 μένουσα...
1267 1287 1315 1358 διὰ
1338 1297 1373 1360 τὸ
1397 1298 1473 1384 ἰσόῤῥ
1490 1333 1506 1345 -

216 1411 273 1468 πον
289 1429 318 1466 τι
340 1401 408 1467 εἶναι
431 1412 530 1492 χρῆμα
558 1406 587 1466 ὲν
615 1403 695 1490 μέσῳ
718 1405 857 1487 κείμενον,
883 1402 1060 1466 -Etiam
1083 1425 1165 1488 quae
1188 1402 1229 1467 de
1252 1412 1413 1466 astrorum
1429 1425 1505 1466 nar-

219 1521 334 1575 rantur
356 1521 473 1574 natura
482 1511 517 1595 4),
549 1532 590 1574 ex
614 1508 735 1573 Albino
765 1508 921 1595 pendent:
955 1507 1013 1572 hos
1045 1519 1207 1572 astrorum
1237 1510 1330 1594 ignes
1359 1508 1505 1595 sphaeris

221 1617 394 1682 adfixos...
420 1616 578 1681 animales
603 1616 679 1681 deos
703 1616 784 1680 dicit
808 1638 891 1680 esse:
921 1616 998 1680 ἑπτὰ
1022 1618 1201 1703 σώματι..
1225 1619 1258 1680 ἐκ
1281 1607 1429 1704 πυρώδους
1450 1626 1504 1703 τῆς

218 1727 358 1813 πλείστης
381 1727 476 1797 οὐσίας
499 1727 645 1812 ἐφήρμοσε
675 1734 739 1797 ταῖς
769 1727 914 1811 σφαίραις.
928 1775 947 1788 ..
972 1723 1079 1797 πάντες
1106 1715 1138 1787 δὲ
1162 1717 1242 1787 οὗτοι
1265 1725 1347 1809 νοερὰ
1371 1715 1434 1805 ζῷα
1457 1727 1506 1788 καὶ

220 1834 326 1910 trost).
366 1829 602 1917 —Sequitur
632 1830 718 1916 apud
751 1829 908 1895 Albinum
922 1834 946 1913 ⁶)
989 1830 1165 1916 disputatio
1198 1831 1238 1895 de
1269 1829 1404 1917 reliquis
1435 1831 1505 1895 deis

220 1948 350 2023 praeter
373 1935 483 2001 stellas
506 1947 539 2001 et
561 1937 788 2002 fabricatorem
813 1937 937 2021 mundi,
961 1959 1059 2023 quam
1082 1939 1226 2002 narratio
1250 1937 1291 2002 de
1313 1936 1419 2002 tribus
1435 1939 1506 2002 ani-

221 2045 381 2108 mantium
411 2044 586 2129 generibus
617 2044 782 2130 excipitl).
813 2045 856 2108 Et
888 2043 974 2108 hano
1005 2044 1137 2130 quidem
1161 2043 1201 2108 ab
1225 2044 1365 2131 Apuleio
1389 2066 1506 2109 secun-

218 2151 300 2214 dum
324 2150 492 2216 Platonem
516 2153 696 2238 expositam
719 2173 790 2216 esse
814 2172 913 2237 supra
923 2152 949 2232 ⁸)
977 2150 1282 2216 demonstravimus.
1329 2150 1506 2236 Subiungit

223 2258 383 2344 Apuleius
406 2257 541 2322 deorum
564 2259 887 2343 enumerationem),
912 2280 1009 2345 quam
1038 2258 1170 2344 quidem
1194 2281 1235 2322 ex
1257 2257 1318 2338 his,
1341 2281 1424 2345 quae
1448 2257 1505 2323 ad·
1613 2340 1616 2347 Δ

221 2364 287 2430 huc
311 2365 474 2451 disputata
497 2375 581 2449 sunt,
604 2367 674 2451 ipse
690 2367 909 2451 composuisse
933 2364 1074 2431 videtur.
1097 2365 1140 2429 Et
1156 2364 1211 2429 hic
1227 2366 1293 2429 iam
1310 2363 1505 2429 daemonum

220 2473 358 2537 inseruit
379 2473 584 2558 mentionem,
607 2495 687 2558 quos
710 2473 848 2538 Latinae
864 2473 1079 2538 medioximus
1103 2471 1289 2559 appellavit.
1314 2473 1404 2553 Quos
1428 2494 1504 2537 cum

226 2579 296 2664 „sui
319 2602 391 2645 esse
413 2580 557 2645 ratione“
591 2581 715 2664 asserit,
746 2581 887 2666 exprimi
914 2579 983 2643 vult
1006 2602 1061 2643 eos
1086 2580 1136 2642 sui
1167 2581 1248 2644 iuris
1271 2601 1342 2644 esse
1365 2580 1506 2662 ratione3

216 2695 253 2750 et
275 2707 351 2750 cum
374 2709 428 2750 eos
451 2697 569 2751 natura
591 2686 760 2750 hominum
776 2687 915 2751 maiores
940 2708 1011 2750 esse
1027 2686 1116 2770 dicit,
1132 2685 1246 2751 Albini
1262 2686 1396 2772 respicit
1410 2685 1504 2751 haec:

222 2783 298 2874 ζῴου
321 2795 482 2880 κρείττονος
503 2797 615 2882 θνητῆς
638 2794 805 2880 peream).
837 2791 904 2860 Sed
934 2792 1048 2856 horum
1074 2793 1269 2858 daemonum
1292 2802 1411 2856 natura
1432 2791 1505 2878 plu-

219 2899 311 2963 ribus
333 2898 388 2965 hic
410 2898 451 2964 ab
466 2899 606 2986 Apuleio
621 2922 686 2964 non
708 2899 900 2986 explicatur,
923 2909 955 2963 et
969 2898 1177 2986 providentia
1201 2898 1334 2964 demum
1356 2900 1505 2986 exposita

220 3027 375 3070 rursus
399 3006 438 3071 de
462 3007 518 3091 eis,
541 3016 705 3092 tamquam
739 3008 780 3071 de
812 3029 846 3072 re
877 3029 964 3071 nova
986 3015 1140 3070 narratur
1167 3029 1221 3070 eos
1244 3006 1410 3071 ministros
1434 3027 1505 3071 esse

223 3112 358 3178 deorum
381 3113 595 3200 custodesque
618 3113 785 3177 hominum
803 3124 835 3178 et
850 3115 1054 3201 interpretes,
1069 3115 1097 3178 si
1120 3113 1199 3200 quid
1216 3136 1236 3177 a
1252 3114 1322 3178 deis
1338 3113 1442 3179 velint
1453 3116 1504 3195 ¹¹):

217 3220 300 3282 ’κατὰ
321 3219 376 3306 τὴν
400 3222 508 3286 ἐκείνου
531 3220 652 3308 ἐντολὴν
668 3224 717 3284 καὶ
732 3223 848 3309 μίμησιν
864 3220 1043 3310 πράττοντες
1066 3224 1120 3285 ὅσα
1142 3221 1317 3308 πράττουσιν
1329 3222 1376 3302 12).
1400 3220 1505 3305 Igitur

219 3325 250 3387 si
274 3324 447 3391 daemones
479 3327 660 3393 secundum
692 3327 743 3393 dei
775 3327 979 3393 voluntatem
1010 3329 1119 3392 omnia
1149 3327 1332 3414 perficiunt,
1362 3325 1504 3390 mundus

223 3430 276 3494 dei
299 3432 505 3517 providentia
525 3435 660 3520 regitur.
684 3435 781 3501 Hanc
804 3445 914 3500 tamen
939 3434 1181 3500 conclusionem
1198 3433 1391 3499 facillimam
1413 3433 1505 3519 Apu-

222 3537 306 3602 leius
328 3538 438 3605 facere
462 3541 657 3626 supersedit3
679 3541 832 3628 idemque
864 3542 1151 3626 interrogationem
1177 3541 1306 3606 silentio
1329 3539 1505 3627 praeteriit,

223 3645 384 3730 quomodo
406 3647 613 3733 providentia
636 3670 711 3713 cum
735 3647 801 3712 fato
827 3647 997 3713 conciliari
1019 3649 1119 3734 possit
1143 3658 1174 3713 et
1197 3648 1285 3713 unde
1309 3645 1431 3711 malum
1454 3647 1505 3732 sit,

220 3751 248 3814 si
272 3750 325 3817 dei
348 3753 554 3839 providentia
570 3755 713 3821 mundus
728 3765 869 3840 regatur.
893 3754 1114 3819 Nihilominus
1137 3754 1242 3842 hi018)
1266 3776 1320 3819 eas
1343 3754 1504 3840 quaestio·

220 3880 278 3924 nes
303 3859 469 3945 explicare
502 3873 638 3926 conatur
667 3863 721 3948 ita
755 3872 791 3926 ut
823 3860 911 3926 dicat
942 3861 1065 3926 nullius
1096 3861 1176 3927 mali
1208 3882 1340 3925 causam
1364 3859 1424 3924 deo
1447 3859 1505 3925 ad-

215 3965 322 4030 scribi
344 3989 438 4052 posse
461 3968 537 4052 (θεός
560 3968 697 4054 ἀναίτιος)
709 3969 758 4056 14).
783 3969 855 4033 Iam
878 3980 1098 4054 expectamus,
1131 3979 1166 4032 ut
1197 3990 1273 4032 cum
1296 3967 1431 4032 Platone
1454 3966 1504 4030 di-

328 4222 348 4285 ¹)
366 4236 392 4284 p.
410 4218 455 4286 69,
475 4219 508 4272 21
528 4236 566 4285 sq.
642 4219 662 4287 ¹)
680 4238 705 4287 p.
723 4221 766 4287 27,
785 4220 891 4286 30sqq.
965 4219 1039 4288 ')ib.
1059 4236 1084 4270 ν.
1095 4218 1130 4272 28
1144 4236 1183 4284 sq.
1256 4216 1277 4284 ⁴)
1296 4234 1321 4282 p.
1341 4217 1384 4282 72,
1398 4217 1432 4270 27
1446 4233 1505 4283 sqq.

328 4305 349 4373 ⁶)
367 4325 392 4373 p.
412 4307 446 4360 27
465 4310 494 4359 in
514 4311 548 4362 cf.
568 4310 637 4359 Plat.
657 4311 724 4362 Tim.
743 4308 779 4362 40
797 4312 819 4360 B
838 4305 877 4358 ὅστ’
896 4306 990 4373 ἀπλανῆ
1009 4308 1056 4358 τῶν
1074 4304 1170 4375 ἄσσρων
1187 4301 1239 4375 ζῷα
1257 4304 1315 4356 aaa
1333 4299 1396 4358 ὅντα.

328 4393 390 4464 ⁶)c.
416 4396 450 4449 15
473 4414 498 4462 p.
524 4397 566 4449 27.
641 4394 660 4463 ⁷)
679 4413 702 4448 c.
728 4396 769 4450 16.
848 4396 869 4464 8)
889 4415 913 4463 p.
943 4397 1002 4450 136.
1075 4394 1094 4456 ”l
1115 4415 1138 4462 p.
1158 4395 1201 4460 73,
1221 4394 1335 4448 9-16.
1429 4392 1459 4461 ¹⁰)
1478 4411 1503 4459 p.

221 4482 326 4546 27,16,
400 4484 433 4553 1¹)
451 4503 476 4551 p.
496 4483 539 4538 74.
558 4486 576 4539 8
594 4503 633 4552 sq.
708 4484 738 4552 ¹¹)
758 4505 783 4553 p.
802 4486 845 4550 27,
865 4485 899 4539 21
914 4490 949 4538 cf.
969 4487 1038 4538 Plat.
1058 4486 1167 4536 Convir.
1188 4484 1240 4537 202
1260 4487 1290 4535 Ε.
1365 4482 1396 4550 1’)
1415 4500 1440 4547 p.
1460 4480 1504 4546 73,

222 4570 354 4638 16—74‚
374 4572 416 4626 19.

330 4660 361 4728 ¹⁴)
380 4663 466 4727 Plato,
485 4680 539 4729 rep.
560 4665 584 4714 X
602 4663 655 4717 617
675 4667 705 4716 E.
725 4667 760 4715 ct.
779 4665 846 4714 Tim.
865 4662 901 4716 42
920 4667 945 4715 D
960 4661 999 4712 ἵνα
1018 4665 1058 4726 τῆς
1077 4661 1154 4713 ἔπειτα
1173 4658 1208 4728 εἴη
1219 4659 1306 4725 κακίας
1325 4656 1435 4723 ἀναίτιος,
1454 4662 1503 4726 Rp.

220 4752 256 4804 II.
275 4750 328 4804 379
348 4752 368 4802 O
386 4751 475 4804 τῶν...
495 4752 579 4803 κακῶν
596 4750 653 4803 ἄλλ’
672 4749 732 4802 ἄττα
751 4751 785 4801 δέί
802 4753 877 4817 ζητεῖν
897 4749 927 4801 τὰ
946 4746 1015 4816 αἴτιον,
1035 4747 1091 4800 ἀλλ’
1110 4754 1137 4802 οῦ
1156 4748 1197 4801 τον
1214 4747 1280 4800 θεόν.
