3608 5460
265 394 339 464 l¹⁶1l
414 419 455 458 nn
470 418 580 458 arnum
596 418 636 458 nr
653 419 755 457 annrur
771 415 943 458 nocrmnan
959 418 1146 458 rnarenrcan
1160 417 1400 459 annuumrrcun
1499 394 1541 458 33

260 608 385 694 ingenii
408 618 440 671 et
465 606 628 694 cupidinis
659 605 806 672 modicae
837 608 924 695 (μέση
955 598 988 670 δὲ
1018 611 1115 695 ἠτῆς
1138 607 1231 694 μέσως
1254 599 1456 696 διακειμένης).
1501 609 1541 672 In

261 713 383 801 triplici
413 736 522 778 amore
554 713 769 779 describendo
799 736 846 798 ea,
877 735 960 800 quae
990 714 1030 779 ab
1062 713 1183 779 Albino
1210 714 1362 779 amicitiis
1387 714 1543 779 attributa

261 831 346 907 sunt,
362 820 522 907 Apuleius
539 821 656 884 animis
673 820 797 906 tribuit,
819 829 856 884 ut
871 842 943 907 pro:
966 825 985 908 ἡ
1005 820 1058 908 μὲν
1074 821 1130 908 γὰρ
1146 821 1242 909 φαύλη
1267 825 1323 904 (sc.
1340 825 1432 907 φιλία)
1454 823 1542 910 μόνου

163 910 166 917 ’
259 940 313 994 τοῦ
329 931 464 1015 σώματός
481 931 552 1011 ἐστι,
569 939 620 992 τσῦ
632 920 717 1017 ἡδέος
728 928 886 1016 ἡττωμένη
898 930 947 991 καὶ
962 930 1058 1016 ταύτῃ
1071 919 1318 1016 βωσιιηματώδηςι
1328 928 1499 1016 ὑπάρχουσα
1510 931 1542 1011 1).

261 1035 421 1121 legamus:
448 1037 642 1120 „animas...
674 1033 833 1099 fusciores
863 1032 978 1120 inpelli
1002 1032 1155 1120 cupidine
1179 1055 1350 1119 corporum
1375 1036 1460 1118 cet“3
1483 1058 1542 1121 pro

259 1148 280 1232 ἡ
304 1137 337 1208 δὲ
361 1146 464 1207 ἀστεία
485 1141 569 1231 ψιλῆς
591 1150 644 1229 τῆς
667 1140 761 1230 ψυχῆς
783 1143 889 1227 ἕνεκεν,
913 1138 931 1230 ᾖ
956 1143 1089 1230 ἐνορᾶται
1112 1133 1317 1230 comburerer
1343 1143 1413 1231 πρὸς
1436 1141 1543 1230 ἀρετήν

263 1251 357 1337 „illas
381 1272 470 1334 vero,
497 1265 659 1335 <quae>
685 1247 812 1313 facetae
835 1258 867 1312 et
891 1247 1035 1312 urbanae
1059 1249 1131 1332 sint,
1156 1249 1281 1313 animas
1304 1248 1463 1313 bonorum
1487 1249 1543 1314 de-

260 1380 372 1422 amare
396 1358 476 1421 cet“.
523 1355 586 1421 Sed
618 1356 652 1419 iu¹
685 1377 723 1419 ea
753 1355 983 1420 attributorum
1013 1353 1224 1420 translatione
1255 1378 1296 1419 ne
1319 1355 1382 1421 sibi
1411 1356 1542 1442 quidem

262 1463 421 1550 Apuleius
445 1473 597 1527 constans
630 1463 789 1549 apparuit,
822 1484 897 1526 cum
927 1463 1022 1526 tertio
1045 1462 1229 1526 animarum
1252 1485 1371 1547 genere
1394 1463 1543 1548 neglecto

262 1592 338 1634 cum
361 1570 481 1635 Albino
505 1568 629 1634 medias
653 1568 851 1634 describeret
875 1569 1048 1633 amicitias:
1075 1568 1219 1655 „medias
1243 1591 1284 1633 ex
1307 1579 1443 1656 utroque
1466 1591 1544 1634 con-

260 1688 349 1741 stare
371 1698 433 1741 nec
457 1675 729 1740 delectationibus
754 1697 926 1761 corporum
949 1697 1082 1761 prorsus
1106 1697 1216 1740 carere
1232 1686 1264 1740 et
1278 1674 1395 1762 lepidis
1419 1677 1544 1741 anima·

262 1805 335 1847 rum
358 1784 500 1868 ingeniis
525 1784 597 1869 capi
621 1782 745 1869 posse“.
769 1782 842 1846 Non
867 1783 1006 1867 animae,
1031 1782 1088 1846 sed
1112 1783 1275 1848 amicitiae
1301 1805 1362 1869 „ex
1385 1783 1540 1870 utroque“

263 1901 420 1975 constant,
444 1883 549 1976 neque
580 1889 645 1954 alia
677 1901 725 1953 est
755 1889 869 1955 Albini
901 1891 1061 1954 sententia
1090 1889 1173 1955 haec
1196 1889 1347 1953 dicentis:
1370 1895 1389 1979 ἡ
1414 1882 1446 1955 δὲ
1468 1891 1543 1979 μέση

261 2006 316 2060 τοῦ
339 1998 561 2085 συναμφοτέρου,
585 1997 742 2085 ὀρεγομένη
766 1998 818 2083 μὲν
841 2007 893 2060 τοῦ
917 1998 1061 2084 σώματος,
1083 1997 1239 2086 ὀρεγομένη
1263 1989 1297 2060 δὲ
1320 2000 1444 2060 καὶτοῦ
1468 1997 1543 2061 κάλ-

262 2109 328 2178 λους
350 2113 403 2192 τῆς
426 2103 520 2191 ψυχῆς
531 2106 563 2188 2).
587 2105 679 2185 Quae
699 2126 776 2167 mox
799 2103 839 2169 de
855 2127 964 2168 amore
980 2103 1093 2169 divino
1109 2114 1291 2188 narrantur,
1314 2106 1369 2190 qui
1384 2103 1544 2189 „deorum

262 2232 397 2276 munere
420 2210 642 2296 beneficioque
674 2232 847 2275 concessus
872 2210 1059 2296 adspirante
1083 2210 1215 2275 caelesti
1239 2210 1392 2296 cupidine
1415 2213 1449 2275 in
1474 2213 1544 2276 ani-

199 2399 200 2402 *
261 2340 333 2381 mos
356 2318 525 2382 hominum
549 2317 694 2384 creditur
725 2319 869 2403 venire“‚
901 2328 971 2382 orta
994 2328 1070 2382 sunt
1092 2340 1134 2382 ex
1157 2317 1271 2383 Albini
1293 2319 1479 2383 narratione
1503 2317 1544 2383 de

264 2426 396 2488 Amore:
419 2423 541 2512 Ἔρωτα
557 2417 679 2512 δαίμονά
703 2448 818 2490 τινα...
842 2425 996 2513 φατέον...
1022 2416 1274 2513 διατομθμσύοντα
1297 2426 1337 2488 τὰ
1360 2427 1441 2514 παρὰ
1464 2429 1544 2490 θεῶν

262 2531 425 2618 ἀνθρώποις
447 2534 495 2594 καὶ
519 2531 661 2596 ἀνάπαλιν
672 2535 706 2614 3).
752 2531 814 2597 Oui
845 2532 1024 2596 sententiae
1047 2531 1227 2618 praemissa
1256 2543 1332 2596 sunt
1354 2531 1448 2598 haec:
1471 2539 1487 2596 ὁ
1511 2529 1544 2598 δὲ

264 2629 429 2725 ἀξιέραστος
452 2641 501 2700 καὶ
524 2641 610 2712 αὐτὸς
635 2639 719 2724 μέσος
741 2662 786 2714 τις
808 2639 934 2725 ὑπάρχει
957 2638 1027 2702 οὔτε
1055 2643 1163 2724 φαῦλος
1186 2637 1226 2700 ὢν
1249 2639 1318 2702 οὔτε
1342 2643 1454 2712 ἀστεῖος
1463 2645 1488 2719 ⁴)
1512 2651 1545 2723 et

259 2743 370 2809 eidem
394 2767 471 2808 mox
495 2744 619 2811 addita:
642 2747 785 2831 primum
809 2767 952 2810 amorem
975 2747 1010 2808 in
1032 2745 1184 2809 rationali
1212 2746 1340 2811 animae
1362 2758 1454 2833 parte
1478 2745 1543 2812 col-

263 2850 403 2916 lecatum
428 2874 499 2916 esse
510 2853 542 2938 ⁵).
566 2853 617 2916 De
640 2851 840 2938 reliquorum
862 2874 1010 2916 amorum
1033 2851 1110 2916 sede
1133 2852 1275 2916 Albinus
1299 2852 1408 2917 dicere
1432 2875 1544 2939 super-

260 2959 358 3041 sedit3
387 2970 419 3022 at
450 2959 609 3045 Apuleius
640 2958 733 3023 addit
763 2959 863 3022 alium
894 2981 1036 3023 amorem
1069 2958 1216 3045 cupidini
1239 2959 1386 3023 iunctum
1410 2983 1481 3025 esse
1504 2971 1545 3025 et

263 3065 489 3152 voluptati.
513 3066 569 3133 Sic
593 3067 679 3130 enim
704 3088 778 3130 cum
804 3065 971 3131 codicibus
994 3065 1056 3130 hec
1078 3064 1150 3130 loce
1172 3065 1348 3151 legendum
1372 3078 1429 3131 est.

369 3173 452 3236 Eam
476 3174 638 3237 amicitiae
662 3184 693 3236 et
716 3174 836 3236 amoris
860 3173 1111 3259 descriptionem
1131 3173 1252 3259 excipit
1276 3172 1364 3260 apud
1385 3173 1543 3239 Albinum

251 3277 459 3346 brevissima
483 3280 657 3366 disputatio
690 3278 729 3344 de
761 3280 894 3346 civitate
905 3283 938 3361 ⁶).
961 3279 1023 3346 Oui
1048 3280 1205 3366 Apuleius
1228 3281 1426 3344 uberrimam
1451 3303 1543 3366 prae·

264 3385 353 3448 misit
375 3386 592 3451 narrationem
619 3385 659 3449 de
683 3386 807 3451 civium
831 3385 976 3450 moribus
988 3391 1013 3462 ἵ)
1029 3409 1047 3451 e
1063 3385 1207 3450 Platonis
1223 3385 1405 3472 Republica
1416 3391 1439 3467 ⁸)
1462 3386 1543 3450 hau-

260 3501 356 3555 stam.
379 3492 413 3556 Is
436 3494 524 3556 enim
548 3514 624 3556 cum
647 3492 688 3556 de
712 3494 927 3560 deterioribus
951 3495 1176 3582 (ἡμαρτημέναι)
1187 3496 1212 3575 ⁹)
1235 3495 1282 3557 rei
1305 3492 1456 3579 publicae
1480 3492 1542 3556 fcr-

263 3600 326 3661 mis
357 3599 458 3664 verba
489 3599 620 3683 faceret,
652 3621 727 3664 cum
757 3600 1086 3665 Lacedaemoniorum
1113 3601 1244 3666 civitate
1267 3599 1432 3665 hominem
1456 3622 1544 3664 ccm-

261 3706 369 3793 posuit
394 3707 630 3771 contentiosum
654 3706 925 3792 ambitiosumque
950 3709 1012 3788 (τὰν
1029 3709 1188 3790 φιλόνεικον
1208 3731 1241 3772 τε
1257 3711 1306 3771 καὶ
1322 3706 1483 3794 φιλότιμον)
1494 3708 1543 3795 1⁰),

260 3835 339 3877 cum
362 3835 539 3901 paucorum
563 3813 783 3877 dominatione
806 3816 984 3901 (ὀλιγαρχία)
1008 3836 1143 3901 parcum
1167 3826 1199 3879 et
1221 3825 1452 3901 quaestuosum
1476 3819 1543 3902 (pcr-

260 3912 348 3985 dolov
371 3946 406 3986 τε
429 3925 478 3986 καὶ
501 3920 716 4010 χρηματιστὴν)
729 3926 775 4003 ¹¹),
799 3920 976 3985 multorum
1006 3942 1084 3986 vero
1115 3921 1327 3985 dominationi
1354 3922 1464 3986 virum
1486 3945 1543 4008 po-

263 4027 411 4111 pularem
441 4022 624 4117 (δημοτικόν)
637 4034 674 4112 l²)
707 4027 849 4092 similem
880 4027 1028 4114 ostendit,
1059 4027 1229 4117 tyrannidi
1260 4028 1370 4091 virum
1394 4029 1543 4117 tyranni-

264 4154 349 4197 cum.
374 4134 533 4221 Apuleius
565 4157 582 4199 e
606 4135 795 4200 civitatibus
828 4134 1044 4200 deterioribus
1069 4136 1294 4223 (ἡμαρτημέναι)
1318 4135 1408 4200 cives
1431 4135 1543 4221 culpa-

264 4237 346 4304 biles
370 4241 456 4326 fecit,
479 4245 644 4330 φιλοτίμους
667 4241 804 4307 sortasse
829 4263 903 4305 curn
923 4242 1047 4307 comico
1062 4240 1203 4327 quodam
1219 4252 1314 4328 poeta
1337 4240 1542 4328 honoripetas

372 4511 392 4576 ¹)
410 4512 447 4564 ib.
466 4510 501 4562 23
520 4529 575 4577 sqq.
685 4509 706 4579 ¹)
724 4528 749 4575 p.
769 4509 812 4574 43,
832 4510 874 4564 26.
985 4508 1005 4575 ⁸)
1023 4511 1058 4562 ib.
1078 4528 1103 4561 v.
1122 4509 1158 4562 30
1176 4527 1214 4576 sq.
1310 4509 1331 4575 ⁴)
1350 4511 1385 4561 ib.
1406 4525 1429 4560 v.
1450 4508 1485 4560 28
1504 4525 1542 4574 sq.

263 4596 284 4665 ⁵)
305 4599 340 4651 ib.
367 4617 390 4651 v.
410 4600 453 4650 35.
554 4598 616 4668 ⁸)c.
642 4598 686 4667 34,
713 4617 738 4665 p.
763 4597 806 4651 44.
905 4597 924 4662 1)
943 4616 968 4663 p.
994 4597 1037 4661 91,
1057 4597 1180 4662 tlt—99,
1200 4599 1242 4651 15.
1346 4595 1367 4661 ⁸)
1386 4598 1403 4648 l.
1423 4599 1486 4648 Vlll
1505 4599 1542 4648 in.

262 4685 285 4752 ⁰)
305 4685 358 4740 544
377 4692 407 4740 A.
482 4687 513 4754 ¹⁰)
532 4687 584 4741 545
602 4690 634 4739 A.
709 4687 741 4757 ¹¹)
760 4687 812 4741 555
831 4691 861 4740 A.
937 4687 969 4757 ¹¹)
987 4686 1040 4740 545
1058 4691 1088 4739 A.
1108 4691 1142 4739 cl.
1162 4690 1201 4738 IX
1219 4687 1272 4741 546
1291 4689 1319 4738 C.

1525 4795 1543 4848 3
