3608 5460
223 451 300 522 1133]
373 477 415 517 nn
429 476 540 518 aeuum
556 475 596 518 nr
612 477 716 517 anaim
732 474 905 518 nocrnrusn
920 476 1108 518 rnarourcsu
1123 477 1363 519 suuunnarroua
1485 455 1506 520 5

227 666 309 730 ximi
331 667 451 730 erroris
475 676 507 731 et
529 689 676 733 summae
699 669 903 754 ignorantiae
924 666 1169 733 convincendus
1199 679 1285 734 esset
1307 668 1466 756 Apuleius
1478 673 1511 754 ¹),

225 773 256 837 si
277 794 314 838 re
337 795 416 838 vera
438 773 521 839 haec
544 771 585 838 de
607 773 691 838 ideis
714 775 912 862 scripsisset:
939 797 1006 840 eos
1036 797 1122 840 esce
1143 774 1421 841 inabsolutas
1451 777 1511 842 in·

226 878 403 966 formes,
437 880 559 945 nulla
594 883 739 968 specie
779 904 856 947 nec
891 881 1126 968 qualitatis
1169 881 1511 967 significatione

224 985 470 1052 distinctas.
502 989 596 1070 Quae
627 989 782 1054 attributa
813 998 1006 1076 repugnant,
1037 989 1137 1052 immo
1168 989 1331 1054 contraria
1354 999 1431 1054 sunt
1453 1012 1512 1054 an-

226 1094 389 1160 tecedenti
412 1094 559 1160 idearum
583 1094 790 1182 appellationi
817 1134 856 1143 -
881 1096 955 1182 quis
979 1096 1065 1159 enim
1090 1095 1183 1161 novit
1212 1118 1341 1181 „rerum
1366 1096 1508 1162 formas“

225 1201 395 1284 informes,
419 1200 511 1266 nulla
535 1203 643 1289 specie
667 1201 863 1266 distinctas?
887 1240 928 1249 --
953 1211 985 1266 et
1008 1202 1064 1286 eis,
1087 1223 1171 1288 quae
1193 1204 1306 1282 mord)
1328 1205 1511 1269 rectissime

222 1307 268 1373 de
291 1307 375 1373 ideis
406 1320 593 1392 narrantum
624 1309 744 1395 optime
774 1319 883 1373 autem
914 1309 1115 1373 conveniunt
1146 1330 1220 1373 cum
1244 1310 1388 1395 materia,
1413 1332 1512 1396 quam
1607 1372 1612 1380 .

227 1415 387 1503 Apuleius
410 1414 525 1481 rudem
549 1415 691 1504 appellat
721 1426 754 1480 et
783 1416 987 1501 figurationis
1010 1415 1166 1502 qualitate
1191 1415 1360 1481 viduatam
1384 1427 1417 1482 et
1439 1416 1512 1481 infi-

223 1523 330 1586 nitam
352 1522 684 1610 indistinctamque³).
709 1523 834 1588 Eadem
857 1524 1013 1587 materiae
1028 1522 1170 1587 Albinus
1186 1524 1344 1604 attribuit,
1367 1525 1423 1612 qui
1439 1545 1511 1589 eam

228 1629 308 1695 dicit
331 1629 458 1718 ἄμορφόν
480 1654 515 1694 τε
538 1629 737 1712 (informem)
767 1629 908 1718 ὑπάρχειν
934 1632 983 1694 καὶ
1006 1629 1105 1693 ἄποιον
1136 1629 1240 1712 (nulla
1272 1630 1437 1718 qualitatis
1468 1632 1512 1695 si-

226 1737 448 1823 gnificatione)
471 1739 521 1802 καὶ
548 1729 673 1801 ἀνείδεον
689 1736 793 1819 (nulla
809 1736 937 1822 specie).
968 1735 1082 1816 Quid?
1105 1737 1208 1801 Estne
1222 1737 1405 1823 putandum
1421 1740 1512 1826 Apu-

228 1844 328 1909 leium
351 1844 387 1907 in
410 1843 537 1910 Graeco
560 1843 739 1931 exemplari
762 1844 798 1907 in
820 1842 977 1908 Latinum
1001 1841 1226 1908 transferendo
1243 1843 1415 1929 paululum
1437 1845 1512 1909 dor-

227 1952 395 2016 mitavisse
419 1962 450 2015 et
473 1974 520 2036 ea,
536 1973 619 2037 quae
634 1951 789 2015 materiae
805 1950 976 2032 debentur,
991 1949 1073 2014 ideis
1094 1949 1334 2037 adscripsisse?
1356 1951 1400 2016 At
1415 1950 1512 2037 paulo

227 2067 300 2145 post
322 2056 412 2122 idem
434 2068 466 2122 et
488 2059 643 2122 materiae
673 2066 706 2122 et
735 2057 883 2122 idearum
914 2067 1063 2121 naturam
1087 2066 1175 2122 recte
1203 2058 1384 2144 descripsit.
1407 2058 1513 2144 Adde,

224 2163 315 2251 quod
338 2186 413 2229 cum
436 2164 567 2251 singula
588 2187 700 2230 rerum
729 2164 824 2228 initia
855 2165 990 2229 seorsim
1012 2163 1185 2229 tractanda
1208 2165 1271 2230 sibi
1298 2165 1513 2251 proposuerit,

226 2271 318 2336 nulla
340 2294 376 2336 re
399 2271 585 2358 cogebatur,
610 2281 645 2336 ut
667 2272 840 2358 partitione
863 2272 922 2336 vix
944 2271 1110 2358 proposita
1134 2271 1243 2336 statim
1266 2271 1413 2337 idearum
1436 2294 1513 2360 pro-

226 2389 361 2467 poneret
383 2378 649 2466 praedicamenta
679 2401 781 2466 eaque
808 2380 849 2442 iia
880 2378 1052 2463 contraria,
1075 2400 1159 2465 quae
1183 2401 1260 2443 mox
1289 2379 1512 2445 enumeranda

226 2497 344 2551 essent.
368 2485 461 2565 Quae
485 2509 556 2550 cum
587 2487 633 2551 ita
664 2487 737 2571 sint,
761 2487 955 2551 sententiam
978 2485 1071 2549 illam
1094 2486 1136 2552 ab
1166 2485 1250 2551 ideis
1275 2486 1512 2572 seiungendum

222 2615 299 2658 esse
322 2592 548 2658 contendimus
579 2605 611 2657 et
642 2595 796 2657 materiae
819 2592 1030 2679 reddendam,
1062 2604 1098 2658 ut
1128 2595 1162 2656 in
1194 2594 1264 2658 eius
1292 2593 1512 2680 descriptione

227 2698 403 2785 legatur4):
427 2700 649 2763 materiam
673 2722 776 2764 vero
799 2699 1172 2785 inprocreabilem
1196 2701 1512 2787 incorruptam-

222 2829 305 2893 que
349 2817 663 2891 commemorat,
704 2806 1059 2892 <inabsolutam,
1105 2808 1341 2893 informem,
1388 2806 1513 2873 nulla

226 2914 374 3000 speeie
425 2935 501 2978 neo
547 2913 783 3001 qualitatis
829 2912 1169 2998 significatione
1205 2914 1512 2986 distinctam>⁸

226 3021 340 3088 Verba
372 3022 465 3085 uncis
496 3021 625 3086 inclusa
656 3042 731 3084 cum
761 3021 796 3083 in
826 3019 1005 3109 archetypo
1035 3021 1155 3084 omissa
1186 3032 1294 3086 essent
1323 3033 1355 3086 et
1379 3033 1451 3109 post
1477 3023 1513 3085 in

227 3130 376 3215 margine
399 3127 573 3214 adscripta,
597 3127 637 3192 ab
662 3149 708 3212 eo,
732 3128 788 3213 qui
812 3148 887 3190 cum
917 3126 999 3190 ideis
1023 3149 1062 3193 ea
1084 3128 1120 3190 in
1143 3137 1234 3192 textu
1264 3128 1442 3213 coniunxit,
1466 3138 1513 3192 et-

226 3237 294 3299 iam
318 3259 454 3300 numero
477 3235 519 3299 ad
542 3233 633 3299 ideas
657 3232 902 3298 accommodata
917 3257 988 3299 esse
1003 3234 1166 3299 videntur.
1191 3235 1263 3298 Hoc
1285 3234 1418 3320 quidem
1442 3255 1514 3298 cer-

227 3353 299 3407 tum
329 3352 379 3406 est
408 3364 446 3405 ea
477 3342 610 3407 demum
639 3341 778 3406 lectione
809 3351 943 3426 accepta
975 3341 1100 3406 clarum
1130 3342 1209 3426 fieri,
1239 3340 1318 3427 quid
1346 3340 1408 3404 sibi
1432 3338 1514 3406 velit

228 3447 324 3512 illud:
350 3447 531 3534 ,infinitam
562 3470 639 3512 vero
669 3448 794 3514 idcirco
824 3448 927 3535 sqq.“:
954 3448 1016 3513 hac
1047 3449 1135 3512 enim
1166 3449 1326 3512 sententia
1356 3447 1512 3512 materiae

227 3554 505 3620 inabsolutae
535 3553 727 3619 attributum
765 3555 924 3641 explicari
954 3555 1094 3620 videtur.
1118 3594 1159 3601 -—
1193 3556 1236 3620 Et
1269 3565 1306 3618 ut
1340 3552 1396 3642 eal,
1430 3576 1513 3640 quae

228 3663 354 3750 prolata
377 3673 453 3726 sunt
484 3661 638 3725 materiae
661 3660 933 3748 praedicamenta,
957 3685 1032 3726 cum
1056 3662 1169 3726 Albini
1193 3661 1411 3747 descriptione
1435 3683 1512 3726 con-

227 3779 360 3856 gruunt,
392 3771 437 3833 ita
467 3779 499 3832 et
530 3767 656 3853 reliqua
686 3767 773 3852 apud
804 3790 880 3832 eum
903 3767 1016 3833 eadem
1044 3791 1116 3833 esse
1139 3767 1237 3833 facile
1261 3778 1511 3852 cognoscuntur.

229 3877 420 3963 Numquae
444 3875 485 3940 de
507 3875 645 3940 materia
666 3874 847 3960 figurarum
871 3875 983 3961 capaci
1007 3874 1205 3961 factionique
1234 3874 1380 3939 subiecta
1390 3879 1413 3956 5)
1437 3896 1512 3938 nar-

228 3994 280 4048 rat
302 3982 470 4069 Apuleius,
493 3981 691 4068 respondent
714 3980 827 4045 Albini
849 3980 914 4045 his:
936 3972 1071 4070 ἰδιότητα
1093 3973 1127 4046 δὲ
1159 3989 1236 4069 ἔχειν
1263 3983 1411 4070 τοιαίνεην,
1434 3981 1512 4044 ὥστε

229 4099 325 4155 πᾶσαν
359 4091 469 4180 γένεσιν
491 4082 736 4170 ὑποδέχεσθαι...
760 4091 809 4152 καὶ
833 4079 1080 4175 ἀναδέχεσθαι...
1102 4088 1203 4152 πάντα
1233 4089 1273 4152 τοὶ
1305 4080 1366 4177 εἴδη
1377 4089 1415 4174 8);
1437 4086 1512 4151 infi-

229 4197 316 4261 nitae
339 4210 371 4262 et
393 4197 565 4263 infinibilis
587 4195 888 4282 praedicamenta&
912 4195 954 4259 ad
976 4195 1058 4260 haec
1074 4193 1191 4259 referri
1213 4205 1363 4281 possunt:
1387 4197 1511 4282 ἄμετρος

337 4381 357 4439 ¹)
376 4393 401 4428 v.
425 4379 456 4429 E.
475 4378 569 4441 Zeller,
590 4374 759 4439 Philosophia
784 4375 831 4425 der
854 4375 986 4426 Grieohcn
1011 4376 1061 4443 111,
1086 4374 1117 4426 24
1139 4392 1165 4440 p.
1192 4373 1258 4426 226:
1278 4375 1321 4424 die
1346 4373 1427 4424 Idcen
1446 4389 1512 4424 wer-

227 4465 282 4515 den
301 4467 349 4515 mit
368 4467 455 4517 ciuem
480 4465 694 4529 merkwitrdigen
719 4463 970 4516 Missverstandniss
993 4466 1064 4515 ihres
1089 4463 1249 4529 Begriffes..
1274 4463 1440 4526 bezeicbnst,
1465 4462 1513 4512 ubi

226 4556 265 4607 cl.
285 4555 346 4607 adn.
365 4555 390 4608 3.

339 4641 360 4712 ¹)
377 4660 404 4709 p.
423 4643 467 4709 67,
486 4643 600 4698 19-24.
716 4643 780 4710 ³)p.
799 4643 842 4705 67,
861 4643 879 4694 b
898 4660 935 4709 sq.
1050 4642 1071 4710 ⁴)
1091 4661 1116 4709 p.
1135 4641 1179 4707 67,
1198 4644 1222 4694 2.
1342 4638 1360 4707 ⁶)
1379 4656 1404 4705 p.
1424 4638 1467 4704 67,
1485 4638 1511 4693 4.

228 4731 296 4801 Ἢ).
317 4731 359 4797 18,
379 4731 421 4786 29.
532 4731 551 4796 ⁷)
570 4751 595 4800 p.
614 4734 657 4798 67,
677 4733 702 4786 6.
721 4732 746 4785 9.
