<?xml version="1.0" encoding="UTF-8"?>
<!DOCTYPE html PUBLIC "-//W3C//DTD XHTML 1.0 Transitional//EN"
    "http://www.w3.org/TR/xhtml1/DTD/xhtml1-transitional.dtd">
<html xmlns="http://www.w3.org/1999/xhtml" xml:lang="en" lang="en">
 <head>
  <title>
</title>
<meta http-equiv="Content-Type" content="text/html;charset=utf-8" />
  <meta name='ocr-system' content='tesseract 3.04.00' />
  <meta name='ocr-capabilities' content='ocr_page ocr_carea ocr_par ocr_line ocrx_word'/>
</head>
<body>
  <div class='ocr_page' id='page_1' title='image "./deapuleietalbin00sinkgoog_0045.png"; bbox 0 0 3608 5460; ppageno 0'>
   <div class='ocr_carea' id='block_1_1' title="bbox 751 409 1541 480">
    <p class='ocr_par' dir='ltr' id='par_1_1' title="bbox 751 409 1541 480">
     <span class='ocr_line' id='line_1_1' title="bbox 751 409 1541 480; baseline 0.008 -6"><span class='ocrx_word' id='word_1_1' title='bbox 751 433 935 476; x_wconf 66' lang='lat' dir='ltr'><strong>reinnerus</strong></span> <span class='ocrx_word' id='word_1_2' title='bbox 953 435 1042 476; x_wconf 75' lang='lat' dir='ltr'><strong>amno</strong></span> <span class='ocrx_word' id='word_1_3' title='bbox 1466 409 1541 480; x_wconf 77' lang='grc'>[166]</span> 
     </span>
    </p>
   </div>
   <div class='ocr_carea' id='block_1_2' title="bbox 258 621 1629 3809">
    <p class='ocr_par' dir='ltr' id='par_1_2' title="bbox 258 621 1542 2849">
     <span class='ocr_line' id='line_1_2' title="bbox 365 621 1542 710; baseline 0 -22"><span class='ocrx_word' id='word_1_4' title='bbox 365 623 416 688; x_wconf 82' lang='lat' dir='ltr'><strong>Ea</strong></span> <span class='ocrx_word' id='word_1_5' title='bbox 439 633 487 688; x_wconf 90' lang='lat' dir='ltr'><strong>est</strong></span> <span class='ocrx_word' id='word_1_6' title='bbox 510 625 632 710; x_wconf 87' lang='lat' dir='ltr'><strong>optima</strong></span> <span class='ocrx_word' id='word_1_7' title='bbox 655 624 771 688; x_wconf 85' lang='lat' dir='ltr'><strong>civitas</strong></span> <span class='ocrx_word' id='word_1_8' title='bbox 794 621 913 710; x_wconf 79' lang='lat' dir='ltr'>Apulei</span> <span class='ocrx_word' id='word_1_9' title='bbox 937 624 1079 688; x_wconf 86' lang='lat' dir='ltr'><strong>maxima</strong></span> <span class='ocrx_word' id='word_1_10' title='bbox 1103 646 1144 688; x_wconf 88' lang='lat' dir='ltr'><strong>ex</strong></span> <span class='ocrx_word' id='word_1_11' title='bbox 1160 635 1252 710; x_wconf 90' lang='lat' dir='ltr'><strong>parte</strong></span> <span class='ocrx_word' id='word_1_12' title='bbox 1268 623 1448 689; x_wconf 89' lang='lat' dir='ltr'><strong>secundum</strong></span> <span class='ocrx_word' id='word_1_13' title='bbox 1463 624 1542 688; x_wconf 89' lang='lat' dir='ltr'><strong>Pla·</strong></span> 
     </span>
     <span class='ocr_line' id='line_1_3' title="bbox 259 728 1540 817; baseline 0.001 -24"><span class='ocrx_word' id='word_1_14' title='bbox 259 729 344 793; x_wconf 90' lang='lat' dir='ltr'><strong>tonis</strong></span> <span class='ocrx_word' id='word_1_15' title='bbox 368 730 449 794; x_wconf 90' lang='lat' dir='ltr'><strong>Rem</strong></span> <span class='ocrx_word' id='word_1_16' title='bbox 461 728 628 817; x_wconf 78' lang='lat' dir='ltr'>publicam</span> <span class='ocrx_word' id='word_1_17' title='bbox 653 729 823 817; x_wconf 90' lang='lat' dir='ltr'><strong>descripta.</strong></span> <span class='ocrx_word' id='word_1_18' title='bbox 848 731 913 795; x_wconf 89' lang='lat' dir='ltr'><strong>Hic</strong></span> <span class='ocrx_word' id='word_1_19' title='bbox 936 740 1044 795; x_wconf 88' lang='lat' dir='ltr'><strong>tamen</strong></span> <span class='ocrx_word' id='word_1_20' title='bbox 1069 731 1167 795; x_wconf 89' lang='lat' dir='ltr'><strong>etiam</strong></span> <span class='ocrx_word' id='word_1_21' title='bbox 1190 730 1288 795; x_wconf 90' lang='lat' dir='ltr'><strong>aliam</strong></span> <span class='ocrx_word' id='word_1_22' title='bbox 1313 732 1480 797; x_wconf 90' lang='lat' dir='ltr'><strong>civitatem</strong></span> <span class='ocrx_word' id='word_1_23' title='bbox 1505 733 1540 794; x_wconf 91' lang='lat' dir='ltr'><strong>in</strong></span> 
     </span>
     <span class='ocr_line' id='line_1_4' title="bbox 259 828 1540 925; baseline 0.002 -25"><span class='ocrx_word' id='word_1_24' title='bbox 259 835 403 920; x_wconf 82' lang='lat' dir='ltr'>Legibus</span> <span class='ocrx_word' id='word_1_25' title='bbox 427 838 593 924; x_wconf 85' lang='lat' dir='ltr'>proposuit</span> <span class='ocrx_word' id='word_1_26' title='bbox 616 828 648 911; x_wconf 75' lang='grc' dir='ltr'><strong>ἐξ</strong></span> <span class='ocrx_word' id='word_1_27' title='bbox 663 839 830 912; x_wconf 81' lang='grc' dir='ltr'>ὑποθέσεως</span> <span class='ocrx_word' id='word_1_28' title='bbox 846 836 933 922; x_wconf 84' lang='lat' dir='ltr'><strong>(Alb.</strong></span> <span class='ocrx_word' id='word_1_29' title='bbox 949 862 980 925; x_wconf 94' lang='lat' dir='ltr'><strong>p.</strong></span> <span class='ocrx_word' id='word_1_30' title='bbox 996 839 1048 922; x_wconf 87' lang='grc'><strong>44,</strong></span> <span class='ocrx_word' id='word_1_31' title='bbox 1073 838 1137 923; x_wconf 88' lang='grc'>30),</span> <span class='ocrx_word' id='word_1_32' title='bbox 1153 837 1238 923; x_wconf 91' lang='lat' dir='ltr'><strong>quod</strong></span> <span class='ocrx_word' id='word_1_33' title='bbox 1258 837 1360 924; x_wconf 84' lang='lat' dir='ltr'><strong>,dicis</strong></span> <span class='ocrx_word' id='word_1_34' title='bbox 1384 837 1501 902; x_wconf 78' lang='lat' dir='ltr'><strong>causa“</strong></span> <span class='ocrx_word' id='word_1_35' title='bbox 1516 841 1540 922; x_wconf 88' lang='lat'><strong>1)</strong></span> 
     </span>
     <span class='ocr_line' id='line_1_5' title="bbox 259 942 1541 1030; baseline 0.003 -26"><span class='ocrx_word' id='word_1_36' title='bbox 259 943 490 1029; x_wconf 88' lang='lat' dir='ltr'><strong>interpretatus</strong></span> <span class='ocrx_word' id='word_1_37' title='bbox 513 955 561 1008; x_wconf 88' lang='lat' dir='ltr'><strong>est</strong></span> <span class='ocrx_word' id='word_1_38' title='bbox 585 942 752 1030; x_wconf 89' lang='lat' dir='ltr'><strong>Apuleius.</strong></span> <span class='ocrx_word' id='word_1_39' title='bbox 776 944 816 1008; x_wconf 95' lang='lat' dir='ltr'><strong>In</strong></span> <span class='ocrx_word' id='word_1_40' title='bbox 840 967 879 1009; x_wconf 88' lang='lat' dir='ltr'><strong>ea</strong></span> <span class='ocrx_word' id='word_1_41' title='bbox 902 944 1034 1009; x_wconf 82' lang='lat' dir='ltr'><strong>civitate</strong></span> <span class='ocrx_word' id='word_1_42' title='bbox 1055 944 1195 1010; x_wconf 88' lang='lat' dir='ltr'><strong>feminas</strong></span> <span class='ocrx_word' id='word_1_43' title='bbox 1219 966 1284 1008; x_wconf 91' lang='lat' dir='ltr'><strong>non</strong></span> <span class='ocrx_word' id='word_1_44' title='bbox 1301 967 1371 1009; x_wconf 90' lang='lat' dir='ltr'><strong>esse</strong></span> <span class='ocrx_word' id='word_1_45' title='bbox 1395 966 1541 1008; x_wconf 89' lang='lat' dir='ltr'><strong>commu-</strong></span> 
     </span>
     <span class='ocr_line' id='line_1_6' title="bbox 259 1050 1541 1139; baseline 0.003 -26"><span class='ocrx_word' id='word_1_46' title='bbox 259 1072 318 1114; x_wconf 88' lang='lat' dir='ltr'><strong>nes</strong></span> <span class='ocrx_word' id='word_1_47' title='bbox 341 1051 407 1114; x_wconf 89' lang='lat' dir='ltr'><strong>iam</strong></span> <span class='ocrx_word' id='word_1_48' title='bbox 430 1050 571 1115; x_wconf 85' lang='lat' dir='ltr'><strong>Albinus</strong></span> <span class='ocrx_word' id='word_1_49' title='bbox 595 1051 825 1116; x_wconf 87' lang='lat' dir='ltr'><strong>animadvertit</strong></span> <span class='ocrx_word' id='word_1_50' title='bbox 836 1053 869 1138; x_wconf 68' lang='grc'><strong>2),</strong></span> <span class='ocrx_word' id='word_1_51' title='bbox 893 1051 979 1139; x_wconf 92' lang='lat' dir='ltr'><strong>quod</strong></span> <span class='ocrx_word' id='word_1_52' title='bbox 1002 1051 1089 1116; x_wconf 91' lang='lat' dir='ltr'><strong>idem</strong></span> <span class='ocrx_word' id='word_1_53' title='bbox 1120 1051 1280 1139; x_wconf 89' lang='lat' dir='ltr'><strong>Apuleius</strong></span> <span class='ocrx_word' id='word_1_54' title='bbox 1304 1052 1541 1117; x_wconf 88' lang='lat' dir='ltr'><strong>demonstravit</strong></span> 
     </span>
     <span class='ocr_line' id='line_1_7' title="bbox 260 1157 1542 1246; baseline 0.002 -26"><span class='ocrx_word' id='word_1_55' title='bbox 260 1157 528 1243; x_wconf 88' lang='lat' dir='ltr'><strong>matrimoniaque</strong></span> <span class='ocrx_word' id='word_1_56' title='bbox 542 1159 645 1222; x_wconf 83' lang='lat' dir='ltr'><strong>mixta</strong></span> <span class='ocrx_word' id='word_1_57' title='bbox 657 1159 817 1246; x_wconf 83' lang='lat' dir='ltr'><strong>quaedam</strong></span> <span class='ocrx_word' id='word_1_58' title='bbox 833 1158 1083 1224; x_wconf 90' lang='lat' dir='ltr'><strong>commendavit.</strong></span> <span class='ocrx_word' id='word_1_59' title='bbox 1095 1157 1192 1240; x_wconf 79' lang='lat' dir='ltr'><strong>Quod</strong></span> <span class='ocrx_word' id='word_1_60' title='bbox 1205 1159 1246 1222; x_wconf 90' lang='lat' dir='ltr'><strong>de</strong></span> <span class='ocrx_word' id='word_1_61' title='bbox 1262 1159 1453 1223; x_wconf 77' lang='lat' dir='ltr'><strong>educatione</strong></span> <span class='ocrx_word' id='word_1_62' title='bbox 1465 1181 1542 1223; x_wconf 91' lang='lat' dir='ltr'><strong>nar-</strong></span> 
     </span>
     <span class='ocr_line' id='line_1_8' title="bbox 258 1263 1542 1351; baseline 0.002 -24"><span class='ocrx_word' id='word_1_63' title='bbox 258 1275 350 1328; x_wconf 90' lang='lat' dir='ltr'><strong>ratur</strong></span> <span class='ocrx_word' id='word_1_64' title='bbox 360 1265 394 1349; x_wconf 76' lang='lat'><strong>⁸),</strong></span> <span class='ocrx_word' id='word_1_65' title='bbox 417 1263 628 1328; x_wconf 87' lang='lat' dir='ltr'><strong>referendum</strong></span> <span class='ocrx_word' id='word_1_66' title='bbox 652 1264 764 1330; x_wconf 91' lang='lat' dir='ltr'><strong>estad</strong></span> <span class='ocrx_word' id='word_1_67' title='bbox 788 1267 888 1351; x_wconf 83' lang='lat' dir='ltr'><strong>Legg.</strong></span> <span class='ocrx_word' id='word_1_68' title='bbox 912 1265 980 1331; x_wconf 89' lang='lat' dir='ltr'><strong>VII</strong></span> <span class='ocrx_word' id='word_1_69' title='bbox 1005 1266 1068 1331; x_wconf 92' lang='grc'><strong>788</strong></span> <span class='ocrx_word' id='word_1_70' title='bbox 1096 1267 1167 1350; x_wconf 86' lang='grc' dir='ltr'><strong>ΑΒ,</strong></span> <span class='ocrx_word' id='word_1_71' title='bbox 1191 1265 1248 1330; x_wconf 94' lang='lat' dir='ltr'><strong>ubi</strong></span> <span class='ocrx_word' id='word_1_72' title='bbox 1272 1264 1312 1329; x_wconf 92' lang='lat' dir='ltr'><strong>de</strong></span> <span class='ocrx_word' id='word_1_73' title='bbox 1335 1265 1448 1330; x_wconf 88' lang='lat' dir='ltr'><strong>liberis</strong></span> <span class='ocrx_word' id='word_1_74' title='bbox 1471 1288 1542 1329; x_wconf 90' lang='lat' dir='ltr'><strong>ma-</strong></span> 
     </span>
     <span class='ocr_line' id='line_1_9' title="bbox 258 1366 1542 1459; baseline 0.004 -27"><span class='ocrx_word' id='word_1_75' title='bbox 258 1369 350 1434; x_wconf 84' lang='lat' dir='ltr'><strong>ribus</strong></span> <span class='ocrx_word' id='word_1_76' title='bbox 375 1380 406 1434; x_wconf 90' lang='lat' dir='ltr'><strong>et</strong></span> <span class='ocrx_word' id='word_1_77' title='bbox 429 1368 561 1435; x_wconf 86' lang='lat' dir='ltr'><strong>feminis</strong></span> <span class='ocrx_word' id='word_1_78' title='bbox 584 1393 650 1434; x_wconf 93' lang='lat' dir='ltr'><strong>non</strong></span> <span class='ocrx_word' id='word_1_79' title='bbox 672 1372 827 1459; x_wconf 88' lang='lat' dir='ltr'><strong>privatim</strong></span> <span class='ocrx_word' id='word_1_80' title='bbox 858 1382 889 1436; x_wconf 92' lang='lat' dir='ltr'><strong>et</strong></span> <span class='ocrx_word' id='word_1_81' title='bbox 913 1372 999 1435; x_wconf 93' lang='lat' dir='ltr'><strong>domi</strong></span> <span class='ocrx_word' id='word_1_82' title='bbox 1023 1366 1094 1454; x_wconf 76' lang='grc' dir='ltr'>(ἰδίᾳ</span> <span class='ocrx_word' id='word_1_83' title='bbox 1123 1375 1172 1435; x_wconf 86' lang='grc' dir='ltr'><strong>καὶ</strong></span> <span class='ocrx_word' id='word_1_84' title='bbox 1195 1375 1262 1435; x_wconf 71' lang='grc' dir='ltr'><strong>κατ’</strong></span> <span class='ocrx_word' id='word_1_85' title='bbox 1285 1374 1393 1448; x_wconf 77' lang='grc' dir='ltr'>οἰκίας),</span> <span class='ocrx_word' id='word_1_86' title='bbox 1417 1371 1473 1437; x_wconf 89' lang='lat' dir='ltr'><strong>sed</strong></span> <span class='ocrx_word' id='word_1_87' title='bbox 1497 1395 1542 1437; x_wconf 87' lang='lat' dir='ltr'><strong>ex</strong></span> 
     </span>
     <span class='ocr_line' id='line_1_10' title="bbox 259 1475 1542 1566; baseline 0.003 -27"><span class='ocrx_word' id='word_1_88' title='bbox 259 1475 453 1562; x_wconf 78' lang='lat' dir='ltr'><strong>legislatoris</strong></span> <span class='ocrx_word' id='word_1_89' title='bbox 477 1476 613 1542; x_wconf 90' lang='lat' dir='ltr'><strong>consilio</strong></span> <span class='ocrx_word' id='word_1_90' title='bbox 635 1479 845 1544; x_wconf 83' lang='lat' dir='ltr'><strong>instituendis</strong></span> <span class='ocrx_word' id='word_1_91' title='bbox 868 1492 1027 1544; x_wconf 90' lang='lat' dir='ltr'><strong>narratur.</strong></span> <span class='ocrx_word' id='word_1_92' title='bbox 1050 1480 1164 1565; x_wconf 90' lang='lat' dir='ltr'><strong>Itaque</strong></span> <span class='ocrx_word' id='word_1_93' title='bbox 1187 1479 1215 1542; x_wconf 91' lang='lat' dir='ltr'><strong>is</strong></span> <span class='ocrx_word' id='word_1_94' title='bbox 1240 1502 1354 1544; x_wconf 90' lang='lat' dir='ltr'><strong>sensus</strong></span> <span class='ocrx_word' id='word_1_95' title='bbox 1370 1480 1405 1542; x_wconf 89' lang='lat' dir='ltr'><strong>in</strong></span> <span class='ocrx_word' id='word_1_96' title='bbox 1420 1479 1542 1566; x_wconf 86' lang='lat' dir='ltr'><strong>Apulei</strong></span> 
     </span>
     <span class='ocr_line' id='line_1_11' title="bbox 259 1583 1541 1673; baseline 0.002 -26"><span class='ocrx_word' id='word_1_97' title='bbox 259 1583 371 1648; x_wconf 86' lang='lat' dir='ltr'><strong>verbis</strong></span> <span class='ocrx_word' id='word_1_98' title='bbox 396 1586 650 1671; x_wconf 81' lang='lat' dir='ltr'><strong>corruptissimis</strong></span> <span class='ocrx_word' id='word_1_99' title='bbox 673 1587 870 1673; x_wconf 90' lang='lat' dir='ltr'><strong>premendus</strong></span> <span class='ocrx_word' id='word_1_100' title='bbox 895 1597 956 1651; x_wconf 88' lang='lat' dir='ltr'><strong>est:</strong></span> <span class='ocrx_word' id='word_1_101' title='bbox 984 1584 1218 1672; x_wconf 86' lang='lat' dir='ltr'><strong>,instituendos</strong></span> <span class='ocrx_word' id='word_1_102' title='bbox 1242 1608 1320 1650; x_wconf 88' lang='lat' dir='ltr'><strong>vero</strong></span> <span class='ocrx_word' id='word_1_103' title='bbox 1344 1609 1398 1651; x_wconf 89' lang='lat' dir='ltr'><strong>eos</strong></span> <span class='ocrx_word' id='word_1_104' title='bbox 1422 1608 1541 1650; x_wconf 87' lang='lat' dir='ltr'><strong>esse...</strong></span> 
     </span>
     <span class='ocr_line' id='line_1_12' title="bbox 263 1690 1541 1779; baseline -0.003 -19"><span class='ocrx_word' id='word_1_105' title='bbox 263 1702 345 1760; x_wconf 89' lang='lat' dir='ltr'><strong>&lt;ut</strong></span> <span class='ocrx_word' id='word_1_106' title='bbox 368 1690 721 1779; x_wconf 48' lang='lat' dir='ltr'><strong>magji&gt;stratus⁴)</strong></span> <span class='ocrx_word' id='word_1_107' title='bbox 738 1694 925 1758; x_wconf 78' lang='lat' dir='ltr'><strong>censuerint</strong></span> <span class='ocrx_word' id='word_1_108' title='bbox 942 1694 1116 1758; x_wconf 83' lang='lat' dir='ltr'><strong>civitatis“.</strong></span> <span class='ocrx_word' id='word_1_109' title='bbox 1140 1694 1180 1757; x_wconf 93' lang='lat' dir='ltr'><strong>In</strong></span> <span class='ocrx_word' id='word_1_110' title='bbox 1196 1694 1352 1778; x_wconf 87' lang='lat' dir='ltr'><strong>proximis</strong></span> <span class='ocrx_word' id='word_1_111' title='bbox 1370 1694 1541 1777; x_wconf 86' lang='lat' dir='ltr'><strong>magistra-</strong></span> 
     </span>
     <span class='ocr_line' id='line_1_13' title="bbox 259 1799 1541 1887; baseline 0.002 -26"><span class='ocrx_word' id='word_1_112' title='bbox 259 1808 352 1862; x_wconf 91' lang='lat' dir='ltr'><strong>tuum</strong></span> <span class='ocrx_word' id='word_1_113' title='bbox 376 1821 473 1864; x_wconf 88' lang='lat' dir='ltr'><strong>curae</strong></span> <span class='ocrx_word' id='word_1_114' title='bbox 496 1811 666 1885; x_wconf 89' lang='lat' dir='ltr'><strong>parentum</strong></span> <span class='ocrx_word' id='word_1_115' title='bbox 691 1799 843 1864; x_wconf 82' lang='lat' dir='ltr'><strong>voluntas</strong></span> <span class='ocrx_word' id='word_1_116' title='bbox 867 1810 898 1864; x_wconf 90' lang='lat' dir='ltr'><strong>et</strong></span> <span class='ocrx_word' id='word_1_117' title='bbox 921 1822 1020 1865; x_wconf 87' lang='lat' dir='ltr'><strong>sexus</strong></span> <span class='ocrx_word' id='word_1_118' title='bbox 1041 1801 1215 1865; x_wconf 87' lang='lat' dir='ltr'><strong>diversitas</strong></span> <span class='ocrx_word' id='word_1_119' title='bbox 1239 1801 1423 1887; x_wconf 90' lang='lat' dir='ltr'><strong>opponitur:</strong></span> <span class='ocrx_word' id='word_1_120' title='bbox 1447 1801 1489 1864; x_wconf 82' lang='lat' dir='ltr'><strong>Et</strong></span> <span class='ocrx_word' id='word_1_121' title='bbox 1504 1802 1541 1864; x_wconf 90' lang='lat' dir='ltr'><strong>in</strong></span> 
     </span>
     <span class='ocr_line' id='line_1_14' title="bbox 259 1902 1537 1994; baseline 0.007 -27"><span class='ocrx_word' id='word_1_122' title='bbox 259 1902 310 1968; x_wconf 89' lang='lat' dir='ltr'><strong>his</strong></span> <span class='ocrx_word' id='word_1_123' title='bbox 333 1906 501 1970; x_wconf 83' lang='lat' dir='ltr'><strong>Koniolius</strong></span> <span class='ocrx_word' id='word_1_124' title='bbox 524 1917 612 1971; x_wconf 89' lang='lat' dir='ltr'><strong>recte</strong></span> <span class='ocrx_word' id='word_1_125' title='bbox 628 1908 834 1971; x_wconf 82' lang='lat' dir='ltr'><strong>autumnavit</strong></span> <span class='ocrx_word' id='word_1_126' title='bbox 850 1907 1036 1972; x_wconf 87' lang='lat' dir='ltr'><strong>scribendo:</strong></span> <span class='ocrx_word' id='word_1_127' title='bbox 1061 1930 1146 1993; x_wconf 81' lang='lat' dir='ltr'><strong>„non</strong></span> <span class='ocrx_word' id='word_1_128' title='bbox 1163 1917 1338 1994; x_wconf 87' lang='lat' dir='ltr'><strong>utcumque</strong></span> <span class='ocrx_word' id='word_1_129' title='bbox 1365 1910 1537 1976; x_wconf 79' lang='lat' dir='ltr'><strong>&lt;velint&gt;</strong></span> 
     </span>
     <span class='ocr_line' id='line_1_15' title="bbox 258 2013 1541 2101; baseline 0.002 -25"><span class='ocrx_word' id='word_1_130' title='bbox 258 2023 409 2098; x_wconf 88' lang='lat' dir='ltr'><strong>parentes</strong></span> <span class='ocrx_word' id='word_1_131' title='bbox 440 2036 502 2078; x_wconf 88' lang='lat' dir='ltr'><strong>nec</strong></span> <span class='ocrx_word' id='word_1_132' title='bbox 532 2013 578 2077; x_wconf 88' lang='lat' dir='ltr'><strong>ita</strong></span> <span class='ocrx_word' id='word_1_133' title='bbox 611 2021 685 2083; x_wconf 80' lang='lat' dir='ltr'><strong>&lt;ut</strong></span> <span class='ocrx_word' id='word_1_134' title='bbox 715 2035 853 2079; x_wconf 81' lang='lat' dir='ltr'><strong>scorsum</strong></span> <span class='ocrx_word' id='word_1_135' title='bbox 883 2023 1047 2101; x_wconf 79' lang='lat' dir='ltr'><strong>uterque&gt;</strong></span> <span class='ocrx_word' id='word_1_136' title='bbox 1075 2037 1173 2079; x_wconf 88' lang='lat' dir='ltr'><strong>sexus</strong></span> <span class='ocrx_word' id='word_1_137' title='bbox 1197 2014 1357 2100; x_wconf 79' lang='lat' dir='ltr'><strong>&lt;sit&gt;“,</strong></span> <span class='ocrx_word' id='word_1_138' title='bbox 1381 2013 1437 2078; x_wconf 92' lang='lat' dir='ltr'><strong>sed</strong></span> <span class='ocrx_word' id='word_1_139' title='bbox 1465 2026 1541 2084; x_wconf 91' lang='lat' dir='ltr'><strong>&lt;ut</strong></span> 
     </span>
     <span class='ocr_line' id='line_1_16' title="bbox 259 2120 1542 2208; baseline 0.002 -27"><span class='ocrx_word' id='word_1_140' title='bbox 259 2120 512 2204; x_wconf 86' lang='lat' dir='ltr'><strong>magi&gt;stratus</strong></span> <span class='ocrx_word' id='word_1_141' title='bbox 533 2122 719 2185; x_wconf 85' lang='lat' dir='ltr'><strong>censuerint</strong></span> <span class='ocrx_word' id='word_1_142' title='bbox 743 2121 914 2185; x_wconf 77' lang='lat' dir='ltr'><strong>civitatis“.</strong></span> <span class='ocrx_word' id='word_1_143' title='bbox 938 2121 1124 2208; x_wconf 84' lang='lat' dir='ltr'><strong>Sequuntur</strong></span> <span class='ocrx_word' id='word_1_144' title='bbox 1147 2122 1326 2186; x_wconf 88' lang='lat' dir='ltr'><strong>sententiae</strong></span> <span class='ocrx_word' id='word_1_145' title='bbox 1350 2121 1390 2185; x_wconf 91' lang='lat' dir='ltr'><strong>de</strong></span> <span class='ocrx_word' id='word_1_146' title='bbox 1414 2143 1542 2207; x_wconf 89' lang='lat' dir='ltr'><strong>posses·</strong></span> 
     </span>
     <span class='ocr_line' id='line_1_17' title="bbox 259 2226 1541 2313; baseline 0.003 -25"><span class='ocrx_word' id='word_1_147' title='bbox 259 2226 348 2290; x_wconf 91' lang='lat' dir='ltr'><strong>sione</strong></span> <span class='ocrx_word' id='word_1_148' title='bbox 372 2227 499 2313; x_wconf 88' lang='lat' dir='ltr'><strong>privata</strong></span> <span class='ocrx_word' id='word_1_149' title='bbox 510 2231 533 2311; x_wconf 83' lang='lat'><strong>⁵)</strong></span> <span class='ocrx_word' id='word_1_150' title='bbox 565 2240 596 2291; x_wconf 87' lang='lat' dir='ltr'><strong>et</strong></span> <span class='ocrx_word' id='word_1_151' title='bbox 626 2227 736 2311; x_wconf 83' lang='lat' dir='ltr'><strong>legum</strong></span> <span class='ocrx_word' id='word_1_152' title='bbox 767 2227 840 2313; x_wconf 88' lang='lat' dir='ltr'><strong>fine,</strong></span> <span class='ocrx_word' id='word_1_153' title='bbox 871 2230 926 2313; x_wconf 92' lang='lat' dir='ltr'><strong>qui</strong></span> <span class='ocrx_word' id='word_1_154' title='bbox 951 2230 984 2290; x_wconf 92' lang='lat' dir='ltr'><strong>in</strong></span> <span class='ocrx_word' id='word_1_155' title='bbox 1016 2229 1137 2292; x_wconf 87' lang='lat' dir='ltr'><strong>virtute</strong></span> <span class='ocrx_word' id='word_1_156' title='bbox 1161 2231 1330 2313; x_wconf 65' lang='lat' dir='ltr'><strong>constatl),</strong></span> <span class='ocrx_word' id='word_1_157' title='bbox 1362 2250 1380 2292; x_wconf 91' lang='lat' dir='ltr'><strong>c</strong></span> <span class='ocrx_word' id='word_1_158' title='bbox 1404 2227 1541 2292; x_wconf 87' lang='lat' dir='ltr'><strong>Platone</strong></span> 
     </span>
     <span class='ocr_line' id='line_1_18' title="bbox 260 2331 1541 2420; baseline 0.003 -26"><span class='ocrx_word' id='word_1_159' title='bbox 260 2331 439 2418; x_wconf 84' lang='lat' dir='ltr'><strong>decerptae.</strong></span> <span class='ocrx_word' id='word_1_160' title='bbox 471 2335 514 2397; x_wconf 86' lang='lat' dir='ltr'><strong>At</strong></span> <span class='ocrx_word' id='word_1_161' title='bbox 545 2356 626 2420; x_wconf 92' lang='lat' dir='ltr'><strong>quae</strong></span> <span class='ocrx_word' id='word_1_162' title='bbox 658 2334 699 2397; x_wconf 91' lang='lat' dir='ltr'><strong>de</strong></span> <span class='ocrx_word' id='word_1_163' title='bbox 731 2334 873 2399; x_wconf 85' lang='lat' dir='ltr'><strong>civitatis</strong></span> <span class='ocrx_word' id='word_1_164' title='bbox 897 2335 1002 2397; x_wconf 83' lang='lat' dir='ltr'><strong>forma</strong></span> <span class='ocrx_word' id='word_1_165' title='bbox 1031 2344 1206 2398; x_wconf 88' lang='lat' dir='ltr'><strong>narrantur</strong></span> <span class='ocrx_word' id='word_1_166' title='bbox 1237 2358 1278 2398; x_wconf 88' lang='lat' dir='ltr'><strong>ex</strong></span> <span class='ocrx_word' id='word_1_167' title='bbox 1301 2334 1404 2398; x_wconf 90' lang='lat' dir='ltr'><strong>tribus</strong></span> <span class='ocrx_word' id='word_1_168' title='bbox 1429 2335 1541 2419; x_wconf 86' lang='lat' dir='ltr'><strong>mixta,</strong></span> 
     </span>
     <span class='ocr_line' id='line_1_19' title="bbox 259 2437 1541 2526; baseline 0.002 -24"><span class='ocrx_word' id='word_1_169' title='bbox 259 2437 386 2503; x_wconf 89' lang='lat' dir='ltr'><strong>scilicet</strong></span> <span class='ocrx_word' id='word_1_170' title='bbox 409 2461 426 2502; x_wconf 90' lang='lat' dir='ltr'><strong>e</strong></span> <span class='ocrx_word' id='word_1_171' title='bbox 442 2439 641 2525; x_wconf 79' lang='lat' dir='ltr'><strong>monarchia,</strong></span> <span class='ocrx_word' id='word_1_172' title='bbox 664 2443 867 2505; x_wconf 86' lang='lat' dir='ltr'><strong>aristocratia</strong></span> <span class='ocrx_word' id='word_1_173' title='bbox 882 2453 913 2505; x_wconf 88' lang='lat' dir='ltr'><strong>et</strong></span> <span class='ocrx_word' id='word_1_174' title='bbox 929 2440 1136 2523; x_wconf 84' lang='lat' dir='ltr'><strong>democratia,</strong></span> <span class='ocrx_word' id='word_1_175' title='bbox 1153 2465 1190 2507; x_wconf 88' lang='lat' dir='ltr'><strong>ea</strong></span> <span class='ocrx_word' id='word_1_176' title='bbox 1205 2442 1310 2526; x_wconf 86' lang='lat' dir='ltr'><strong>magis</strong></span> <span class='ocrx_word' id='word_1_177' title='bbox 1326 2441 1541 2508; x_wconf 76' lang='lat' dir='ltr'><strong>Ciceroniana</strong></span> 
     </span>
     <span class='ocr_line' id='line_1_20' title="bbox 258 2543 1542 2634; baseline 0.002 -25"><span class='ocrx_word' id='word_1_178' title='bbox 258 2543 326 2627; x_wconf 85' lang='lat' dir='ltr'><strong>(vel</strong></span> <span class='ocrx_word' id='word_1_179' title='bbox 340 2546 566 2627; x_wconf 82' lang='lat' dir='ltr'><strong>Posidoniaua)</strong></span> <span class='ocrx_word' id='word_1_180' title='bbox 586 2559 662 2612; x_wconf 91' lang='lat' dir='ltr'><strong>sunt</strong></span> <span class='ocrx_word' id='word_1_181' title='bbox 679 2570 774 2634; x_wconf 89' lang='lat' dir='ltr'><strong>quam</strong></span> <span class='ocrx_word' id='word_1_182' title='bbox 791 2549 968 2613; x_wconf 87' lang='lat' dir='ltr'><strong>Platonica.</strong></span> <span class='ocrx_word' id='word_1_183' title='bbox 984 2547 1077 2612; x_wconf 91' lang='lat' dir='ltr'><strong>Plato</strong></span> <span class='ocrx_word' id='word_1_184' title='bbox 1093 2549 1180 2612; x_wconf 90' lang='lat' dir='ltr'><strong>enim</strong></span> <span class='ocrx_word' id='word_1_185' title='bbox 1195 2547 1419 2613; x_wconf 88' lang='lat' dir='ltr'><strong>monarchiam</strong></span> <span class='ocrx_word' id='word_1_186' title='bbox 1434 2549 1542 2611; x_wconf 91' lang='lat' dir='ltr'><strong>omni-</strong></span> 
     </span>
     <span class='ocr_line' id='line_1_21' title="bbox 259 2650 1540 2742; baseline 0.004 -29"><span class='ocrx_word' id='word_1_187' title='bbox 259 2650 321 2714; x_wconf 88' lang='lat' dir='ltr'><strong>bus</strong></span> <span class='ocrx_word' id='word_1_188' title='bbox 338 2652 542 2736; x_wconf 88' lang='lat' dir='ltr'><strong>praeferebat</strong></span> <span class='ocrx_word' id='word_1_189' title='bbox 553 2655 584 2740; x_wconf 79' lang='lat'><strong>⁷),</strong></span> <span class='ocrx_word' id='word_1_190' title='bbox 600 2677 698 2740; x_wconf 88' lang='lat' dir='ltr'><strong>quam</strong></span> <span class='ocrx_word' id='word_1_191' title='bbox 714 2655 812 2720; x_wconf 89' lang='lat' dir='ltr'><strong>etiam</strong></span> <span class='ocrx_word' id='word_1_192' title='bbox 828 2656 986 2742; x_wconf 90' lang='lat' dir='ltr'><strong>Apuleius</strong></span> <span class='ocrx_word' id='word_1_193' title='bbox 1010 2656 1172 2742; x_wconf 88' lang='lat' dir='ltr'><strong>respicere</strong></span> <span class='ocrx_word' id='word_1_194' title='bbox 1189 2654 1328 2740; x_wconf 87' lang='lat' dir='ltr'><strong>videtur,</strong></span> <span class='ocrx_word' id='word_1_195' title='bbox 1345 2677 1419 2719; x_wconf 92' lang='lat' dir='ltr'><strong>cum</strong></span> <span class='ocrx_word' id='word_1_196' title='bbox 1435 2665 1540 2719; x_wconf 91' lang='lat' dir='ltr'><strong>recto-</strong></span> 
     </span>
     <span class='ocr_line' id='line_1_22' title="bbox 259 2761 1449 2849; baseline 0.004 -28"><span class='ocrx_word' id='word_1_197' title='bbox 259 2780 329 2822; x_wconf 88' lang='lat' dir='ltr'><strong>rem</strong></span> <span class='ocrx_word' id='word_1_198' title='bbox 353 2781 459 2822; x_wconf 90' lang='lat' dir='ltr'><strong>mores</strong></span> <span class='ocrx_word' id='word_1_199' title='bbox 483 2762 606 2826; x_wconf 90' lang='lat' dir='ltr'><strong>civium</strong></span> <span class='ocrx_word' id='word_1_200' title='bbox 629 2763 839 2849; x_wconf 89' lang='lat' dir='ltr'><strong>persuasione</strong></span> <span class='ocrx_word' id='word_1_201' title='bbox 863 2761 916 2828; x_wconf 88' lang='lat' dir='ltr'><strong>vel</strong></span> <span class='ocrx_word' id='word_1_202' title='bbox 940 2764 1037 2827; x_wconf 89' lang='lat' dir='ltr'><strong>ctiam</strong></span> <span class='ocrx_word' id='word_1_203' title='bbox 1061 2763 1096 2826; x_wconf 87' lang='lat' dir='ltr'><strong>vi</strong></span> <span class='ocrx_word' id='word_1_204' title='bbox 1119 2761 1293 2826; x_wconf 88' lang='lat' dir='ltr'><strong>emendare</strong></span> <span class='ocrx_word' id='word_1_205' title='bbox 1315 2761 1406 2826; x_wconf 90' lang='lat' dir='ltr'><strong>iubet</strong></span> <span class='ocrx_word' id='word_1_206' title='bbox 1417 2763 1449 2847; x_wconf 83' lang='lat'><strong>⁸).</strong></span> 
     </span>
    </p>

    <p class='ocr_par' dir='ltr' id='par_1_3' title="bbox 259 2865 1629 3809">
     <span class='ocr_line' id='line_1_23' title="bbox 367 2865 1541 2956; baseline 0.003 -26"><span class='ocrx_word' id='word_1_207' title='bbox 367 2865 459 2946; x_wconf 80' lang='lat' dir='ltr'><strong>Quae</strong></span> <span class='ocrx_word' id='word_1_208' title='bbox 483 2891 559 2933; x_wconf 87' lang='lat' dir='ltr'><strong>mox</strong></span> <span class='ocrx_word' id='word_1_209' title='bbox 583 2868 624 2933; x_wconf 93' lang='lat' dir='ltr'><strong>de</strong></span> <span class='ocrx_word' id='word_1_210' title='bbox 646 2872 743 2934; x_wconf 88' lang='lat' dir='ltr'><strong>tertia</strong></span> <span class='ocrx_word' id='word_1_211' title='bbox 767 2869 905 2956; x_wconf 90' lang='lat' dir='ltr'><strong>quadam</strong></span> <span class='ocrx_word' id='word_1_212' title='bbox 926 2869 1069 2934; x_wconf 90' lang='lat' dir='ltr'><strong>civitatis</strong></span> <span class='ocrx_word' id='word_1_213' title='bbox 1085 2870 1193 2955; x_wconf 89' lang='lat' dir='ltr'><strong>specie</strong></span> <span class='ocrx_word' id='word_1_214' title='bbox 1208 2880 1391 2949; x_wconf 86' lang='lat' dir='ltr'><strong>narrantur,</strong></span> <span class='ocrx_word' id='word_1_215' title='bbox 1415 2867 1541 2933; x_wconf 89' lang='lat' dir='ltr'><strong>scilicet</strong></span> 
     </span>
     <span class='ocr_line' id='line_1_24' title="bbox 260 2972 1541 3062; baseline 0.002 -26"><span class='ocrx_word' id='word_1_216' title='bbox 260 2972 301 3036; x_wconf 90' lang='lat' dir='ltr'><strong>de</strong></span> <span class='ocrx_word' id='word_1_217' title='bbox 325 2974 457 3039; x_wconf 90' lang='lat' dir='ltr'><strong>civitate</strong></span> <span class='ocrx_word' id='word_1_218' title='bbox 481 2988 614 3040; x_wconf 88' lang='lat' dir='ltr'><strong>actuosa</strong></span> <span class='ocrx_word' id='word_1_219' title='bbox 624 2980 657 3061; x_wconf 82' lang='grc'><strong>9),</strong></span> <span class='ocrx_word' id='word_1_220' title='bbox 681 2976 778 3042; x_wconf 89' lang='lat' dir='ltr'><strong>ducta</strong></span> <span class='ocrx_word' id='word_1_221' title='bbox 803 2999 874 3041; x_wconf 88' lang='lat' dir='ltr'><strong>esse</strong></span> <span class='ocrx_word' id='word_1_222' title='bbox 895 2977 1049 3042; x_wconf 87' lang='lat' dir='ltr'><strong>videntur</strong></span> <span class='ocrx_word' id='word_1_223' title='bbox 1072 2976 1193 3043; x_wconf 76' lang='lat' dir='ltr'><strong>Critiae</strong></span> <span class='ocrx_word' id='word_1_224' title='bbox 1209 2974 1354 3040; x_wconf 88' lang='lat' dir='ltr'><strong>Platonis</strong></span> <span class='ocrx_word' id='word_1_225' title='bbox 1369 2976 1541 3062; x_wconf 86' lang='lat' dir='ltr'><strong>proposito,</strong></span> 
     </span>
     <span class='ocr_line' id='line_1_25' title="bbox 260 3081 1540 3167; baseline 0.003 -25"><span class='ocrx_word' id='word_1_226' title='bbox 260 3089 296 3143; x_wconf 92' lang='lat' dir='ltr'><strong>ut</strong></span> <span class='ocrx_word' id='word_1_227' title='bbox 319 3081 436 3145; x_wconf 86' lang='lat' dir='ltr'><strong>civitas</strong></span> <span class='ocrx_word' id='word_1_228' title='bbox 460 3083 581 3167; x_wconf 89' lang='lat' dir='ltr'><strong>optima</strong></span> <span class='ocrx_word' id='word_1_229' title='bbox 605 3085 638 3146; x_wconf 90' lang='lat' dir='ltr'><strong>in</strong></span> <span class='ocrx_word' id='word_1_230' title='bbox 663 3096 738 3148; x_wconf 86' lang='lat' dir='ltr'><strong>actu</strong></span> <span class='ocrx_word' id='word_1_231' title='bbox 761 3085 781 3147; x_wconf 91' lang='lat' dir='ltr'><strong>i.</strong></span> <span class='ocrx_word' id='word_1_232' title='bbox 806 3108 831 3148; x_wconf 92' lang='lat' dir='ltr'><strong>e.</strong></span> <span class='ocrx_word' id='word_1_233' title='bbox 856 3085 890 3147; x_wconf 92' lang='lat' dir='ltr'><strong>in</strong></span> <span class='ocrx_word' id='word_1_234' title='bbox 913 3082 999 3149; x_wconf 91' lang='lat' dir='ltr'><strong>bello</strong></span> <span class='ocrx_word' id='word_1_235' title='bbox 1022 3083 1256 3148; x_wconf 88' lang='lat' dir='ltr'><strong>ostenderetur.</strong></span> <span class='ocrx_word' id='word_1_236' title='bbox 1281 3082 1346 3148; x_wconf 85' lang='lat' dir='ltr'><strong>Sed</strong></span> <span class='ocrx_word' id='word_1_237' title='bbox 1369 3103 1443 3146; x_wconf 90' lang='lat' dir='ltr'><strong>cum</strong></span> <span class='ocrx_word' id='word_1_238' title='bbox 1459 3081 1540 3146; x_wconf 90' lang='lat' dir='ltr'><strong>haec</strong></span> 
     </span>
     <span class='ocr_line' id='line_1_26' title="bbox 260 3184 1540 3274; baseline 0.002 -25"><span class='ocrx_word' id='word_1_239' title='bbox 260 3184 419 3271; x_wconf 81' lang='lat' dir='ltr'><strong>deessent,</strong></span> <span class='ocrx_word' id='word_1_240' title='bbox 443 3188 601 3273; x_wconf 82' lang='lat' dir='ltr'><strong>Apuleius</strong></span> <span class='ocrx_word' id='word_1_241' title='bbox 632 3190 790 3254; x_wconf 90' lang='lat' dir='ltr'><strong>nonnulla</strong></span> <span class='ocrx_word' id='word_1_242' title='bbox 821 3190 862 3254; x_wconf 91' lang='lat' dir='ltr'><strong>de</strong></span> <span class='ocrx_word' id='word_1_243' title='bbox 893 3189 1136 3274; x_wconf 84' lang='lat' dir='ltr'><strong>magistratibus</strong></span> <span class='ocrx_word' id='word_1_244' title='bbox 1161 3190 1250 3254; x_wconf 88' lang='lat' dir='ltr'><strong>cives</strong></span> <span class='ocrx_word' id='word_1_245' title='bbox 1282 3188 1323 3252; x_wconf 88' lang='lat' dir='ltr'><strong>ad</strong></span> <span class='ocrx_word' id='word_1_246' title='bbox 1346 3188 1448 3252; x_wconf 92' lang='lat' dir='ltr'><strong>bonos</strong></span> <span class='ocrx_word' id='word_1_247' title='bbox 1471 3211 1540 3252; x_wconf 93' lang='lat' dir='ltr'><strong>mo-</strong></span> 
     </span>
     <span class='ocr_line' id='line_1_27' title="bbox 259 3293 1540 3384; baseline 0.002 -29"><span class='ocrx_word' id='word_1_248' title='bbox 259 3315 312 3356; x_wconf 86' lang='lat' dir='ltr'><strong>res</strong></span> <span class='ocrx_word' id='word_1_249' title='bbox 336 3293 552 3359; x_wconf 74' lang='lat' dir='ltr'><strong>educentibus</strong></span> <span class='ocrx_word' id='word_1_250' title='bbox 576 3296 709 3384; x_wconf 92' lang='lat' dir='ltr'><strong>protulit</strong></span> <span class='ocrx_word' id='word_1_251' title='bbox 720 3302 766 3381; x_wconf 82' lang='lat'><strong>¹⁰),</strong></span> <span class='ocrx_word' id='word_1_252' title='bbox 791 3319 873 3383; x_wconf 91' lang='lat' dir='ltr'><strong>quae</strong></span> <span class='ocrx_word' id='word_1_253' title='bbox 897 3295 979 3359; x_wconf 90' lang='lat' dir='ltr'><strong>nihil</strong></span> <span class='ocrx_word' id='word_1_254' title='bbox 1002 3294 1042 3359; x_wconf 91' lang='lat' dir='ltr'><strong>ab</strong></span> <span class='ocrx_word' id='word_1_255' title='bbox 1067 3297 1114 3360; x_wconf 87' lang='lat' dir='ltr'><strong>eis</strong></span> <span class='ocrx_word' id='word_1_256' title='bbox 1138 3295 1298 3380; x_wconf 86' lang='lat' dir='ltr'><strong>differunt,</strong></span> <span class='ocrx_word' id='word_1_257' title='bbox 1321 3318 1404 3382; x_wconf 88' lang='lat' dir='ltr'><strong>quae</strong></span> <span class='ocrx_word' id='word_1_258' title='bbox 1427 3296 1461 3358; x_wconf 90' lang='lat' dir='ltr'><strong>in</strong></span> <span class='ocrx_word' id='word_1_259' title='bbox 1485 3318 1540 3358; x_wconf 95' lang='lat' dir='ltr'><strong>su-</strong></span> 
     </span>
     <span class='ocr_line' id='line_1_28' title="bbox 259 3400 1539 3489; baseline 0.002 -26"><span class='ocrx_word' id='word_1_260' title='bbox 259 3400 443 3487; x_wconf 88' lang='lat' dir='ltr'><strong>perioribus</strong></span> <span class='ocrx_word' id='word_1_261' title='bbox 468 3402 656 3467; x_wconf 88' lang='lat' dir='ltr'><strong>civitatibus</strong></span> <span class='ocrx_word' id='word_1_262' title='bbox 688 3402 913 3468; x_wconf 88' lang='lat' dir='ltr'><strong>describendis</strong></span> <span class='ocrx_word' id='word_1_263' title='bbox 945 3413 1077 3467; x_wconf 87' lang='lat' dir='ltr'><strong>narrata</strong></span> <span class='ocrx_word' id='word_1_264' title='bbox 1109 3412 1192 3468; x_wconf 92' lang='lat' dir='ltr'><strong>sunt.</strong></span> <span class='ocrx_word' id='word_1_265' title='bbox 1215 3403 1258 3467; x_wconf 81' lang='lat' dir='ltr'><strong>Et</strong></span> <span class='ocrx_word' id='word_1_266' title='bbox 1282 3401 1367 3489; x_wconf 91' lang='lat' dir='ltr'><strong>quod</strong></span> <span class='ocrx_word' id='word_1_267' title='bbox 1392 3407 1539 3488; x_wconf 82' lang='lat' dir='ltr'><strong>supra¹¹)</strong></span> 
     </span>
     <span class='ocr_line' id='line_1_29' title="bbox 260 3504 1538 3596; baseline 0.003 -28"><span class='ocrx_word' id='word_1_268' title='bbox 260 3504 301 3569; x_wconf 89' lang='lat' dir='ltr'><strong>de</strong></span> <span class='ocrx_word' id='word_1_269' title='bbox 324 3517 475 3592; x_wconf 89' lang='lat' dir='ltr'><strong>quattuor</strong></span> <span class='ocrx_word' id='word_1_270' title='bbox 498 3508 714 3596; x_wconf 88' lang='lat' dir='ltr'><strong>culpabilium</strong></span> <span class='ocrx_word' id='word_1_271' title='bbox 734 3511 881 3574; x_wconf 87' lang='lat' dir='ltr'><strong>virorum</strong></span> <span class='ocrx_word' id='word_1_272' title='bbox 904 3509 1018 3574; x_wconf 89' lang='lat' dir='ltr'><strong>formis</strong></span> <span class='ocrx_word' id='word_1_273' title='bbox 1042 3512 1220 3594; x_wconf 80' lang='lat' dir='ltr'><strong>enarravit,</strong></span> <span class='ocrx_word' id='word_1_274' title='bbox 1243 3509 1350 3573; x_wconf 85' lang='lat' dir='ltr'><strong>denuo</strong></span> <span class='ocrx_word' id='word_1_275' title='bbox 1373 3511 1490 3595; x_wconf 88' lang='lat' dir='ltr'><strong>repetit</strong></span> <span class='ocrx_word' id='word_1_276' title='bbox 1501 3508 1538 3594; x_wconf 75' lang='grc'><strong>12)</strong></span> 
     </span>
     <span class='ocr_line' id='line_1_30' title="bbox 259 3612 1629 3704; baseline 0.004 -29"><span class='ocrx_word' id='word_1_277' title='bbox 259 3612 313 3691; x_wconf 87' lang='lat' dir='ltr'><strong>ita,</strong></span> <span class='ocrx_word' id='word_1_278' title='bbox 337 3623 373 3676; x_wconf 92' lang='lat' dir='ltr'><strong>ut</strong></span> <span class='ocrx_word' id='word_1_279' title='bbox 395 3636 454 3699; x_wconf 87' lang='lat' dir='ltr'><strong>pro</strong></span> <span class='ocrx_word' id='word_1_280' title='bbox 479 3616 557 3679; x_wconf 87' lang='lat' dir='ltr'><strong>viris</strong></span> <span class='ocrx_word' id='word_1_281' title='bbox 581 3616 730 3682; x_wconf 87' lang='lat' dir='ltr'><strong>civitates</strong></span> <span class='ocrx_word' id='word_1_282' title='bbox 752 3627 858 3704; x_wconf 90' lang='lat' dir='ltr'><strong>ponat.</strong></span> <span class='ocrx_word' id='word_1_283' title='bbox 893 3615 1007 3702; x_wconf 78' lang='lat' dir='ltr'>„Oivi</span> <span class='ocrx_word' id='word_1_284' title='bbox 1022 3627 1156 3697; x_wconf 90' lang='lat' dir='ltr'><strong>&lt;tat&gt;</strong></span> <span class='ocrx_word' id='word_1_285' title='bbox 1171 3639 1234 3679; x_wconf 93' lang='lat' dir='ltr'><strong>um</strong></span> <span class='ocrx_word' id='word_1_286' title='bbox 1265 3617 1351 3680; x_wconf 90' lang='lat' dir='ltr'><strong>enim</strong></span> <span class='ocrx_word' id='word_1_287' title='bbox 1382 3637 1440 3700; x_wconf 95' lang='lat' dir='ltr'><strong>pro</strong></span> <span class='ocrx_word' id='word_1_288' title='bbox 1474 3617 1541 3702; x_wconf 83' lang='lat' dir='ltr'><strong>„ci-</strong></span> <span class='ocrx_word' id='word_1_289' title='bbox 1626 3656 1629 3663; x_wconf 90' lang='lat'><em>·</em></span> 
     </span>
     <span class='ocr_line' id='line_1_31' title="bbox 260 3719 1538 3809; baseline 0.003 -27"><span class='ocrx_word' id='word_1_290' title='bbox 260 3719 371 3782; x_wconf 80' lang='lat' dir='ltr'><strong>vium“</strong></span> <span class='ocrx_word' id='word_1_291' title='bbox 397 3731 485 3786; x_wconf 89' lang='lat' dir='ltr'><strong>recte</strong></span> <span class='ocrx_word' id='word_1_292' title='bbox 509 3744 528 3785; x_wconf 91' lang='lat' dir='ltr'><strong>a</strong></span> <span class='ocrx_word' id='word_1_293' title='bbox 550 3722 677 3787; x_wconf 88' lang='lat' dir='ltr'><strong>Krollio</strong></span> <span class='ocrx_word' id='word_1_294' title='bbox 700 3725 886 3788; x_wconf 87' lang='lat' dir='ltr'><strong>restitutum</strong></span> <span class='ocrx_word' id='word_1_295' title='bbox 909 3746 980 3788; x_wconf 90' lang='lat' dir='ltr'><strong>esse</strong></span> <span class='ocrx_word' id='word_1_296' title='bbox 1001 3728 1093 3789; x_wconf 86' lang='lat' dir='ltr'><strong>docet</strong></span> <span class='ocrx_word' id='word_1_297' title='bbox 1109 3723 1257 3805; x_wconf 87' lang='lat' dir='ltr'><strong>Albinus,</strong></span> <span class='ocrx_word' id='word_1_298' title='bbox 1274 3723 1329 3808; x_wconf 90' lang='lat' dir='ltr'><strong>qui</strong></span> <span class='ocrx_word' id='word_1_299' title='bbox 1346 3723 1538 3809; x_wconf 76' lang='lat' dir='ltr'><strong>scripsit¹³):</strong></span> 
     </span>
    </p>
   </div>
   <div class='ocr_carea' id='block_1_3' title="bbox 259 3818 1540 4237">
    <p class='ocr_par' dir='ltr' id='par_1_4' title="bbox 259 3818 1540 4237">
     <span class='ocr_line' id='line_1_32' title="bbox 260 3818 1539 3919; baseline 0.002 -29"><span class='ocrx_word' id='word_1_300' title='bbox 260 3833 347 3890; x_wconf 82' lang='grc' dir='ltr'>πέντε</span> <span class='ocrx_word' id='word_1_301' title='bbox 370 3818 403 3891; x_wconf 72' lang='grc' dir='ltr'><strong>δέ</strong></span> <span class='ocrx_word' id='word_1_302' title='bbox 427 3851 510 3915; x_wconf 77' lang='grc' dir='ltr'>φησιν</span> <span class='ocrx_word' id='word_1_303' title='bbox 534 3827 602 3894; x_wconf 80' lang='grc' dir='ltr'>εἶναι</span> <span class='ocrx_word' id='word_1_304' title='bbox 624 3833 779 3912; x_wconf 78' lang='grc' dir='ltr'><strong>πολιτείας,</strong></span> <span class='ocrx_word' id='word_1_305' title='bbox 801 3831 857 3918; x_wconf 77' lang='grc' dir='ltr'><strong>τήν</strong></span> <span class='ocrx_word' id='word_1_306' title='bbox 887 3855 922 3895; x_wconf 83' lang='grc' dir='ltr'><strong>τε</strong></span> <span class='ocrx_word' id='word_1_307' title='bbox 952 3834 1202 3919; x_wconf 68' lang='grc' dir='ltr'>ἀριστοκρατικήν,</span> <span class='ocrx_word' id='word_1_308' title='bbox 1234 3833 1344 3893; x_wconf 76' lang='grc' dir='ltr'>ὁπόταν</span> <span class='ocrx_word' id='word_1_309' title='bbox 1375 3835 1400 3892; x_wconf 84' lang='grc' dir='ltr'><strong>οἱ</strong></span> <span class='ocrx_word' id='word_1_310' title='bbox 1433 3835 1539 3917; x_wconf 70' lang='grc' dir='ltr'>ἄριστοι</span> 
     </span>
     <span class='ocr_line' id='line_1_33' title="bbox 261 3927 1539 4026; baseline 0.002 -30"><span class='ocrx_word' id='word_1_311' title='bbox 261 3933 381 4022; x_wconf 79' lang='grc' dir='ltr'>ἄρχωσι,</span> <span class='ocrx_word' id='word_1_312' title='bbox 406 3940 455 3999; x_wconf 80' lang='grc' dir='ltr'><strong>καὶ</strong></span> <span class='ocrx_word' id='word_1_313' title='bbox 478 3927 616 4024; x_wconf 72' lang='grc' dir='ltr'>δευτέραν</span> <span class='ocrx_word' id='word_1_314' title='bbox 639 3937 694 4026; x_wconf 75' lang='grc' dir='ltr'><strong>τὴν</strong></span> <span class='ocrx_word' id='word_1_315' title='bbox 716 3938 932 4025; x_wconf 55' lang='lat' dir='ltr'><strong>sapor-parturis,</strong></span> <span class='ocrx_word' id='word_1_316' title='bbox 956 3941 1006 4002; x_wconf 78' lang='lat' dir='ltr'><strong>aul</strong></span> <span class='ocrx_word' id='word_1_317' title='bbox 1020 3938 1098 4025; x_wconf 80' lang='grc' dir='ltr'>μετὰ</span> <span class='ocrx_word' id='word_1_318' title='bbox 1112 3938 1224 4024; x_wconf 76' lang='grc' dir='ltr'>ταύτην</span> <span class='ocrx_word' id='word_1_319' title='bbox 1240 3937 1294 4024; x_wconf 75' lang='grc' dir='ltr'><strong>τὴν</strong></span> <span class='ocrx_word' id='word_1_320' title='bbox 1315 3928 1539 4025; x_wconf 64' lang='grc' dir='ltr'>δημοκρατικὴν,</span> 
     </span>
     <span class='ocr_line' id='line_1_34' title="bbox 259 4035 1540 4133; baseline 0.002 -30"><span class='ocrx_word' id='word_1_321' title='bbox 259 4044 434 4105; x_wconf 72' lang='grc' dir='ltr'>τελευταίαν</span> <span class='ocrx_word' id='word_1_322' title='bbox 457 4035 490 4106; x_wconf 74' lang='grc' dir='ltr'><strong>δὲ</strong></span> <span class='ocrx_word' id='word_1_323' title='bbox 512 4043 567 4132; x_wconf 80' lang='grc' dir='ltr'><strong>τὴν</strong></span> <span class='ocrx_word' id='word_1_324' title='bbox 590 4036 751 4133; x_wconf 72' lang='grc' dir='ltr'>τυρκννίδα,</span> <span class='ocrx_word' id='word_1_325' title='bbox 781 4047 943 4133; x_wconf 77' lang='grc' dir='ltr'>χειρίσττην</span> <span class='ocrx_word' id='word_1_326' title='bbox 967 4048 1162 4131; x_wconf 78' lang='grc' dir='ltr'>ὑπάρχουσαν.</span> <span class='ocrx_word' id='word_1_327' title='bbox 1193 4043 1352 4130; x_wconf 86' lang='lat' dir='ltr'><strong>Apuleius</strong></span> <span class='ocrx_word' id='word_1_328' title='bbox 1376 4066 1452 4108; x_wconf 92' lang='lat' dir='ltr'><strong>cum</strong></span> <span class='ocrx_word' id='word_1_329' title='bbox 1475 4065 1540 4107; x_wconf 92' lang='lat' dir='ltr'><strong>non</strong></span> 
     </span>
     <span class='ocr_line' id='line_1_35' title="bbox 260 4149 1540 4237; baseline 0.002 -27"><span class='ocrx_word' id='word_1_330' title='bbox 260 4169 372 4212; x_wconf 89' lang='lat' dir='ltr'><strong>omnes</strong></span> <span class='ocrx_word' id='word_1_331' title='bbox 397 4149 538 4214; x_wconf 90' lang='lat' dir='ltr'><strong>civitatis</strong></span> <span class='ocrx_word' id='word_1_332' title='bbox 562 4162 729 4216; x_wconf 88' lang='lat' dir='ltr'><strong>enumeret</strong></span> <span class='ocrx_word' id='word_1_333' title='bbox 752 4150 881 4235; x_wconf 86' lang='lat' dir='ltr'><strong>formas,</strong></span> <span class='ocrx_word' id='word_1_334' title='bbox 905 4151 963 4215; x_wconf 91' lang='lat' dir='ltr'><strong>sed</strong></span> <span class='ocrx_word' id='word_1_335' title='bbox 989 4149 1208 4237; x_wconf 79' lang='lat' dir='ltr'><strong>,culpabiles“</strong></span> <span class='ocrx_word' id='word_1_336' title='bbox 1228 4149 1322 4236; x_wconf 88' lang='lat' dir='ltr'><strong>solas,</strong></span> <span class='ocrx_word' id='word_1_337' title='bbox 1345 4152 1540 4236; x_wconf 91' lang='lat' dir='ltr'><strong>optimorum</strong></span> 
     </span>
    </p>
   </div>
   <div class='ocr_carea' id='block_1_4' title="bbox 258 4344 1540 4774">
    <p class='ocr_par' dir='ltr' id='par_1_5' title="bbox 258 4344 1540 4774">
     <span class='ocr_line' id='line_1_36' title="bbox 370 4344 1540 4414; baseline -0.001 -18"><span class='ocrx_word' id='word_1_338' title='bbox 370 4344 391 4409; x_wconf 88' lang='lat'><strong>¹)</strong></span> <span class='ocrx_word' id='word_1_339' title='bbox 410 4363 435 4410; x_wconf 88' lang='lat' dir='ltr'><strong>p.</strong></span> <span class='ocrx_word' id='word_1_340' title='bbox 457 4345 515 4407; x_wconf 82' lang='grc'>102,</span> <span class='ocrx_word' id='word_1_341' title='bbox 535 4345 560 4399; x_wconf 80' lang='lat'><strong>5.</strong></span> <span class='ocrx_word' id='word_1_342' title='bbox 635 4346 655 4414; x_wconf 82' lang='lat'><strong>²)</strong></span> <span class='ocrx_word' id='word_1_343' title='bbox 674 4366 699 4414; x_wconf 91' lang='lat' dir='ltr'><strong>p.</strong></span> <span class='ocrx_word' id='word_1_344' title='bbox 719 4346 762 4411; x_wconf 77' lang='lat'><strong>45,</strong></span> <span class='ocrx_word' id='word_1_345' title='bbox 782 4347 806 4398; x_wconf 89' lang='grc'><strong>3.</strong></span> <span class='ocrx_word' id='word_1_346' title='bbox 881 4345 1119 4413; x_wconf 75' lang='lat' dir='ltr'><strong>³)p.10r‚29sq.</strong></span> <span class='ocrx_word' id='word_1_347' title='bbox 1193 4346 1213 4412; x_wconf 82' lang='lat'><strong>⁴)</strong></span> <span class='ocrx_word' id='word_1_348' title='bbox 1237 4348 1540 4411; x_wconf 80' lang='lat' dir='ltr'><strong>&lt;magi&gt;stratuaiam</strong></span> 
     </span>
     <span class='ocr_line' id='line_1_37' title="bbox 262 4433 1540 4502; baseline 0.001 -20"><span class='ocrx_word' id='word_1_349' title='bbox 262 4447 279 4482; x_wconf 89' lang='lat' dir='ltr'><strong>a</strong></span> <span class='ocrx_word' id='word_1_350' title='bbox 296 4433 481 4486; x_wconf 82' lang='lat' dir='ltr'><strong>Goldbachero</strong></span> <span class='ocrx_word' id='word_1_351' title='bbox 500 4438 652 4501; x_wconf 87' lang='lat' dir='ltr'><strong>suppletum</strong></span> <span class='ocrx_word' id='word_1_352' title='bbox 671 4444 719 4488; x_wconf 88' lang='lat' dir='ltr'><strong>est.</strong></span> <span class='ocrx_word' id='word_1_353' title='bbox 811 4434 832 4501; x_wconf 78' lang='lat'><strong>⁵)</strong></span> <span class='ocrx_word' id='word_1_354' title='bbox 850 4439 885 4487; x_wconf 81' lang='lat' dir='ltr'><strong>cf.</strong></span> <span class='ocrx_word' id='word_1_355' title='bbox 906 4438 974 4487; x_wconf 89' lang='lat' dir='ltr'><strong>Plat.</strong></span> <span class='ocrx_word' id='word_1_356' title='bbox 993 4438 1076 4502; x_wconf 81' lang='lat' dir='ltr'><strong>Legg.</strong></span> <span class='ocrx_word' id='word_1_357' title='bbox 1101 4438 1126 4486; x_wconf 86' lang='lat' dir='ltr'>V</span> <span class='ocrx_word' id='word_1_358' title='bbox 1145 4434 1198 4488; x_wconf 79' lang='grc'>710</span> <span class='ocrx_word' id='word_1_359' title='bbox 1216 4437 1248 4486; x_wconf 81' lang='grc' dir='ltr'><strong>Α.</strong></span> <span class='ocrx_word' id='word_1_360' title='bbox 1339 4433 1360 4500; x_wconf 64' lang='grc'>1)</span> <span class='ocrx_word' id='word_1_361' title='bbox 1379 4436 1413 4487; x_wconf 78' lang='lat' dir='ltr'><strong>cf.</strong></span> <span class='ocrx_word' id='word_1_362' title='bbox 1432 4437 1468 4487; x_wconf 90' lang='lat' dir='ltr'><strong>ib.</strong></span> <span class='ocrx_word' id='word_1_363' title='bbox 1486 4435 1540 4485; x_wconf 88' lang='lat' dir='ltr'><strong>XII</strong></span> 
     </span>
     <span class='ocr_line' id='line_1_38' title="bbox 261 4520 1540 4592; baseline -0.001 -18"><span class='ocrx_word' id='word_1_364' title='bbox 261 4520 314 4575; x_wconf 84' lang='lat'><strong>963</strong></span> <span class='ocrx_word' id='word_1_365' title='bbox 332 4525 363 4573; x_wconf 82' lang='lat' dir='ltr'><strong>A.</strong></span> <span class='ocrx_word' id='word_1_366' title='bbox 445 4522 507 4592; x_wconf 81' lang='lat' dir='ltr'>⁷)v.</span> <span class='ocrx_word' id='word_1_367' title='bbox 527 4543 549 4576; x_wconf 87' lang='lat' dir='ltr'><strong>e.</strong></span> <span class='ocrx_word' id='word_1_368' title='bbox 569 4543 595 4591; x_wconf 86' lang='lat' dir='ltr'><strong>g.</strong></span> <span class='ocrx_word' id='word_1_369' title='bbox 615 4533 697 4592; x_wconf 74' lang='lat' dir='ltr'><strong>hegg.</strong></span> <span class='ocrx_word' id='word_1_370' title='bbox 717 4528 756 4577; x_wconf 92' lang='lat' dir='ltr'><strong>IV</strong></span> <span class='ocrx_word' id='word_1_371' title='bbox 775 4524 826 4579; x_wconf 82' lang='lat'><strong>712</strong></span> <span class='ocrx_word' id='word_1_372' title='bbox 851 4527 900 4576; x_wconf 84' lang='lat' dir='ltr'><strong>DE</strong></span> <span class='ocrx_word' id='word_1_373' title='bbox 925 4527 959 4577; x_wconf 85' lang='lat' dir='ltr'><strong>cf.</strong></span> <span class='ocrx_word' id='word_1_374' title='bbox 980 4524 1016 4577; x_wconf 91' lang='lat' dir='ltr'><strong>lV</strong></span> <span class='ocrx_word' id='word_1_375' title='bbox 1035 4525 1088 4578; x_wconf 88' lang='grc'><strong>709</strong></span> <span class='ocrx_word' id='word_1_376' title='bbox 1107 4527 1137 4577; x_wconf 80' lang='grc' dir='ltr'><strong>Ε.</strong></span> <span class='ocrx_word' id='word_1_377' title='bbox 1215 4522 1234 4590; x_wconf 81' lang='grc'><strong>8)</strong></span> <span class='ocrx_word' id='word_1_378' title='bbox 1256 4525 1291 4575; x_wconf 83' lang='lat' dir='ltr'><strong>cf.</strong></span> <span class='ocrx_word' id='word_1_379' title='bbox 1310 4526 1393 4590; x_wconf 81' lang='lat' dir='ltr'><strong>chg.</strong></span> <span class='ocrx_word' id='word_1_380' title='bbox 1413 4523 1463 4576; x_wconf 93' lang='grc'><strong>711</strong></span> <span class='ocrx_word' id='word_1_381' title='bbox 1484 4526 1540 4575; x_wconf 80' lang='lat' dir='ltr'><strong>Ol).</strong></span> 
     </span>
     <span class='ocr_line' id='line_1_39' title="bbox 258 4611 1539 4685; baseline -0.002 -20"><span class='ocrx_word' id='word_1_382' title='bbox 258 4611 327 4685; x_wconf 67' lang='grc' dir='ltr'><strong>Ἣ).</strong></span> <span class='ocrx_word' id='word_1_383' title='bbox 348 4613 407 4676; x_wconf 85' lang='grc'>103,</span> <span class='ocrx_word' id='word_1_384' title='bbox 428 4614 461 4666; x_wconf 92' lang='grc'><strong>17</strong></span> <span class='ocrx_word' id='word_1_385' title='bbox 480 4632 518 4679; x_wconf 85' lang='lat' dir='ltr'><strong>sq.</strong></span> <span class='ocrx_word' id='word_1_386' title='bbox 612 4613 641 4681; x_wconf 73' lang='grc' dir='ltr'><strong>ιο)</strong></span> <span class='ocrx_word' id='word_1_387' title='bbox 660 4633 685 4680; x_wconf 89' lang='lat' dir='ltr'><strong>p.</strong></span> <span class='ocrx_word' id='word_1_388' title='bbox 706 4613 765 4680; x_wconf 85' lang='lat'><strong>103,</strong></span> <span class='ocrx_word' id='word_1_389' title='bbox 791 4613 897 4668; x_wconf 78' lang='lat'>19-25</span> <span class='ocrx_word' id='word_1_390' title='bbox 916 4617 949 4665; x_wconf 80' lang='lat' dir='ltr'><strong>cl.</strong></span> <span class='ocrx_word' id='word_1_391' title='bbox 969 4633 994 4679; x_wconf 89' lang='lat' dir='ltr'><strong>p.</strong></span> <span class='ocrx_word' id='word_1_392' title='bbox 1013 4614 1057 4679; x_wconf 88' lang='grc'><strong>86,</strong></span> <span class='ocrx_word' id='word_1_393' title='bbox 1077 4613 1172 4668; x_wconf 77' lang='lat'>7-15.</span> <span class='ocrx_word' id='word_1_394' title='bbox 1264 4613 1296 4681; x_wconf 78' lang='grc'><strong>11)</strong></span> <span class='ocrx_word' id='word_1_395' title='bbox 1322 4630 1347 4677; x_wconf 89' lang='lat' dir='ltr'><strong>p.</strong></span> <span class='ocrx_word' id='word_1_396' title='bbox 1366 4611 1409 4676; x_wconf 88' lang='lat'><strong>91,</strong></span> <span class='ocrx_word' id='word_1_397' title='bbox 1429 4611 1462 4665; x_wconf 87' lang='lat'><strong>31</strong></span> <span class='ocrx_word' id='word_1_398' title='bbox 1483 4628 1539 4679; x_wconf 87' lang='lat' dir='ltr'><strong>sqq.</strong></span> 
     </span>
     <span class='ocr_line' id='line_1_40' title="bbox 263 4703 822 4774; baseline -0.002 -17"><span class='ocrx_word' id='word_1_399' title='bbox 263 4704 295 4774; x_wconf 81' lang='lat'><strong>¹‘)</strong></span> <span class='ocrx_word' id='word_1_400' title='bbox 314 4723 338 4770; x_wconf 88' lang='lat' dir='ltr'><strong>p.</strong></span> <span class='ocrx_word' id='word_1_401' title='bbox 359 4705 420 4769; x_wconf 88' lang='grc'>103,</span> <span class='ocrx_word' id='word_1_402' title='bbox 438 4703 473 4757; x_wconf 75' lang='grc'><strong>25</strong></span> <span class='ocrx_word' id='word_1_403' title='bbox 492 4721 548 4771; x_wconf 82' lang='lat' dir='ltr'><strong>sqq.</strong></span> <span class='ocrx_word' id='word_1_404' title='bbox 623 4703 654 4770; x_wconf 81' lang='lat'><strong>¹³)</strong></span> <span class='ocrx_word' id='word_1_405' title='bbox 672 4723 698 4770; x_wconf 89' lang='lat' dir='ltr'><strong>p.</strong></span> <span class='ocrx_word' id='word_1_406' title='bbox 717 4703 760 4768; x_wconf 75' lang='lat'><strong>44,</strong></span> <span class='ocrx_word' id='word_1_407' title='bbox 779 4704 822 4756; x_wconf 77' lang='lat'><strong>25.</strong></span> 
     </span>
    </p>
   </div>
   <div class='ocr_carea' id='block_1_5' title="bbox 0 0 1810 5460">
    <p class='ocr_par' dir='ltr' id='par_1_6' title="bbox 0 0 1810 5460">
     <span class='ocr_line' id='line_1_41' title="bbox 0 0 1810 5460; baseline 0 0"><span class='ocrx_word' id='word_1_408' title='bbox 0 0 1810 5460; x_wconf 95' lang='lat' dir='ltr'><strong> </strong></span> 
     </span>
    </p>
   </div>
  </div>
 </body>
</html>
