3608 5460
321 478 368 540 14
817 501 1001 541 mauranus
1020 500 1109 541 auxo
1535 476 1612 547 [¹4²]

324 713 394 755 rem
417 689 563 755 Platonis
580 689 762 775 doctrina1)
784 689 1003 774 refutandam,
1026 712 1090 776 qua
1112 688 1189 754 illae
1204 692 1339 755 minime
1362 713 1473 756 errare
1497 692 1613 756 dicun-

321 809 386 882 tur,
414 808 446 861 et
468 796 511 861 ad
534 807 641 861 motus
664 795 833 861 stellarum
858 797 1013 861 iterum
1026 799 1050 881 ²)
1081 798 1389 862 commemorandos.
1416 799 1458 863 In
1489 797 1614 886 diebus,

322 903 474 970 noctibus
497 914 530 969 et
552 905 647 967 annis
671 902 879 990 explicandis
903 905 1033 968 nonnisi
1057 916 1287 989 argumentum
1304 929 1322 970 e
1337 905 1508 987 Platone⁸)
1524 929 1612 969 sum-

321 1012 388 1099 psit
410 1011 551 1099 propriis
575 1009 687 1077 verbis
711 1032 750 1075 ac
775 1011 945 1076 sententiis
960 1034 1049 1075 usus.
1072 1012 1158 1075 Nam
1174 1010 1262 1075 solus
1281 1013 1420 1097 ,chorus
1436 1015 1610 1100 antiquus“

323 1117 494 1183 stellarum
517 1116 663 1182 Platonis
673 1123 711 1200 *jz
746 1121 859 1207 χορείας
893 1110 927 1182 δὲ
949 1120 1065 1182 τούτων
1095 1119 1130 1182 in
1157 1121 1347 1183 memoriam
1381 1131 1522 1185 revocat.
1571 1160 1613 1168 -

324 1226 462 1311 Propius
493 1224 535 1287 ad
567 1223 735 1289 Platonem
746 1230 770 1309 ⁵)
801 1227 837 1288 in
868 1237 1049 1311 temporum
1081 1226 1244 1289 mensuris
1275 1226 1469 1291 enarrandis
1491 1228 1535 1313 (p.
1560 1229 1613 1312 72,

323 1333 448 1411 3-17)
469 1333 617 1416 accessit,
640 1354 704 1417 qua
727 1333 762 1395 in
794 1342 885 1419 parte
916 1333 1045 1396 nonnisi
1077 1333 1183 1397 noctis
1214 1332 1314 1396 finem
1343 1345 1457 1420 suopte
1479 1335 1613 1418 ingenio

323 1437 483 1522 definivit,
507 1460 582 1502 cum
605 1437 689 1503 dixit
711 1461 784 1504 eam
808 1439 976 1504 inventam
998 1461 1070 1503 csse
1096 1449 1152 1523 ,ut
1175 1441 1266 1525 quies
1289 1439 1474 1505 desiderata
1496 1463 1614 1527 prove-

323 1547 409 1610 niret
431 1545 685 1610 animantibus“.
708 1547 751 1609 Et
773 1566 856 1632 quae
879 1567 969 1609 nunc
992 1547 1052 1609 vix
1068 1546 1136 1610 sere
1151 1544 1300 1631 intellegi
1314 1558 1421 1633 potest
1436 1548 1612 1627 conclusio,

324 1675 390 1739 qua
411 1663 593 1739 temporum
616 1655 818 1717 enumeratio
840 1652 1044 1717 intellectum
1067 1654 1272 1739 cogitationis
1295 1654 1462 1719 invenisse
1482 1655 1613 1741 dicitur,

325 1762 424 1824 etiam
447 1759 489 1823 ad
514 1758 657 1824 Platonis
680 1759 781 1824 verba
796 1759 913 1824 referri
936 1761 1064 1846 poterit,
1088 1761 1115 1823 si
1138 1783 1210 1824 eam
1232 1761 1329 1845 gravi
1352 1760 1471 1826 mendo
1493 1761 1612 1828 libera-

324 1868 471 1931 verimus
495 1866 622 1931 duobus
645 1865 860 1931 substantivis
883 1868 1098 1953 transpositis
1126 1868 1233 1952 Legas
1256 1868 1322 1930 iam
1346 1868 1441 1932 sodes
1464 1868 1614 1934 Platonis

325 1973 429 2040 verba
450 1975 583 2058 haeo⁶):
608 1974 709 2038 solem
725 1996 897 2040 accensum
915 1998 987 2039 esse
1011 1998 1031 2039 a
1053 1975 1123 2059 deo,
1145 1977 1243 2037 ἵνα...
1267 1975 1464 2063 μετάσχοι...
1488 1982 1613 2064 ἀριθμοῦ

324 2084 367 2146 τὰ
390 2073 462 2166 ζῷα,
484 2084 558 2155 ὅσοις
580 2077 615 2169 ἦν
638 2091 792 2168 προσῆκον,
815 2082 954 2168 μαθόντα
977 2083 1056 2168 παρὰ
1079 2089 1133 2168 τῆς
1147 2085 1259 2145 ταὺτοῦ
1275 2085 1325 2145 καὶ
1339 2086 1438 2169 ὁμοίου
1452 2094 1614 2182 περιφορᾶς,

327 2200 363 2253 ut
394 2211 458 2253 non
492 2187 630 2272 dubites,
661 2189 739 2273 quin
770 2187 930 2274 Apuleius
962 2189 1143 2274 scripserit:
1176 2186 1311 2272 ,horum
1343 2190 1613 2273 cogitatio...

325 2294 529 2360 intellectum
562 2295 945 2380 [elnumerationis
968 2295 1127 2360 inveniu‘.
1161 2295 1281 2379 Agitur
1308 2297 1396 2359 enim
1424 2296 1465 2361 de
1487 2300 1614 2384 origine

325 2425 545 2485 numerorum,
568 2403 668 2465 immo
691 2403 935 2486 numerationis,
958 2424 1041 2487 quae
1063 2411 1246 2487 temporum
1261 2400 1489 2469 observatione
1512 2416 1545 2469 et
1560 2427 1614 2470 οο-

326 2511 471 2595 gitatone
495 2509 610 2574 effecta
633 2520 691 2574 est.

434 2617 568 2703 Excipit
591 2616 679 2703 apud
702 2616 860 2681 Albinum
883 2615 969 2679 hanc
992 2616 1147 2701 temporis
1171 2615 1421 2702 descriptionem
1438 2618 1614 2706 disputatio

327 2723 368 2789 de
392 2734 513 2809 septom
537 2724 727 2810 corporibus
751 2722 946 2788 caelestibus
958 2726 990 2808 ⁷),
1013 2744 1151 2808 quorum
1173 2724 1308 2787 nomina
1330 2724 1512 2788 secundum
1534 2726 1614 2813 Epi·

327 2831 469 2895 nomidis
492 2832 570 2916 (986
602 2832 684 2896 Β-
697 2832 760 2896 987
785 2833 825 2912 Β)
857 2842 1025 2895 auctorem
1056 2829 1276 2916 proferuntur.
1300 2830 1460 2917 Apuleius
1484 2844 1612 2897 contra-

327 2940 414 3002 rium
437 2937 560 3002 Albino
583 2938 731 3003 ordinem
754 2939 789 3001 in
813 2939 860 3002 eis
884 2937 1116 3002 enumerandis
1132 2937 1293 3002 observat.
1317 2937 1380 3003 Ille
1395 2940 1483 3003 enim
1498 2962 1518 3003 a
1534 2938 1613 3004 luna

327 3046 457 3110 initium
481 3047 577 3130 capit,
600 3067 683 3132 quae
706 3056 754 3110 est
777 3056 883 3109 terrae
899 3045 1057 3130 proxima
1077 3055 1148 3108 tum
1163 3044 1280 3127 Solem
1297 3045 1498 3117 Luciferum.
1522 3047 1613 3111 sidus

327 3152 483 3217 Mercurii
506 3161 690 3235 enumerat,
713 3163 896 3217 extremum
919 3150 1052 3218 Saturni
1076 3150 1167 3214 sidus
1184 3150 1336 3237 appellat,
1359 3154 1492 3239 propius
1515 3176 1615 3240 quam

327 3259 416 3325 hunc
438 3259 529 3324 Iovis
552 3270 584 3324 et
605 3259 720 3324 Martis
744 3257 872 3324 stellam
895 3258 1042 3342 collocat
1065 3268 1098 3321 et
1120 3258 1229 3322 omnia
1251 3258 1292 3323 ab
1316 3268 1471 3344 extrema,
1499 3272 1614 3327 octava

328 3377 486 3454 potestate
516 3367 675 3431 contineri
705 3365 792 3432 dicit.
822 3366 931 3446 Quam
960 3373 1153 3452 potestatem
1183 3386 1203 3427 a
1226 3365 1364 3451 sphaera
1394 3377 1523 3431 errante
1547 3390 1612 3433 non

329 3473 460 3539 differre
494 3472 593 3537 facile
627 3473 778 3557 conicies,
814 3473 842 3536 si
876 3471 997 3557 legeris
1028 3471 1160 3556 haecfll:
1191 3473 1269 3536 ἑπτὰ
1292 3477 1387 3536 τοίνυν
1421 3475 1544 3562 σφαιρῶν
1566 3480 1614 3538 οὐ·

328 3592 388 3645 σῶν
411 3584 441 3645 ἑν
463 3590 502 3669 τῇ
525 3585 700 3669 πλανωμένῃ
723 3590 830 3669 σφαῖρα
852 3604 881 3643 κ.
913 3604 943 3644 τ.
975 3585 1003 3644 λ
1027 3579 1079 3644 Ab
1102 3578 1164 3644 hac
1186 3578 1284 3665 plane
1307 3579 1418 3644 differt
1439 3584 1459 3669 τ’]
1483 3581 1614 3670 ἀπλανὴς

329 3699 445 3774 σφαῖρα,
470 3709 512 3752 ex
535 3710 600 3773 qua
622 3686 780 3773 Apuleius
805 3692 935 3774 ἀπλανὴς
951 3687 1110 3774 quasdam
1133 3686 1242 3751 effecit
1257 3686 1369 3752 stellas
1384 3689 1528 3774 primum
1551 3687 1612 3753 sub

330 3794 467 3882 sphaera
490 3804 620 3859 errante
641 3793 749 3859 lucum
772 3803 930 3859 tenentes.
946 3794 1040 3859 Infra
1063 3816 1118 3858 eas
1134 3795 1258 3880 positus
1275 3804 1324 3858 est
1339 3795 1499 3881 Juppitcr,
1515 3795 1606 3860 Mars

330 3902 454 3987 Venus,
477 3902 540 3985 Sol,
562 3903 666 3966 Luna.
690 3902 733 3966 Et
755 3901 895 3966 Veneris
919 3901 1052 3989 quidem
1075 3900 1258 3988 appellatio,
1280 3900 1402 3965 Albino
1424 3902 1545 3986 ignota,
1567 3900 1612 3967 le·

330 4009 420 4094 gitur
441 4010 477 4072 in
500 4007 695 4095 Epinomide
710 4009 786 4092 (987
811 4009 863 4087 B):
886 4015 902 4072 ὁ
924 4011 977 4096 μὲν
999 4010 1056 4096 γὰρ
1079 4009 1219 4096 ἑωσφόρος
1241 4005 1383 4094 Ἕσπερος
1408 4032 1444 4072 τε
1466 4007 1507 4072 ὢν
1527 4010 1614 4083 αὑτᾶς

332 4108 511 4204 Ἀφροδίτης.
534 4155 573 4162 -
608 4114 823 4201 Interpolavit
853 4114 915 4179 hoc
945 4114 1016 4178 loco
1060 4114 1220 4201 Apuleius
1248 4115 1443 4179 sententiam
1473 4115 1514 4180 de
1548 4115 1615 4181 ele-

331 4223 458 4307 mentis,
481 4244 619 4309 quorum
641 4225 751 4308 ignem
779 4223 979 4309 superiorem
1010 4245 1081 4287 esse
1104 4221 1192 4306 dicit,
1215 4220 1275 4286 sub
1304 4243 1341 4285 eo
1364 4233 1473 4285 aerem
1496 4223 1614 4306 iacere,

441 4511 460 4575 ¹)
478 4512 548 4578 legg.
573 4513 626 4562 VII
650 4528 676 4576 p.
695 4509 748 4564 822
774 4515 796 4561 A
821 4510 848 4561 οὖ
872 4510 920 4580 γάρ
939 4508 988 4560 ἐστι
1017 4513 1135 4562 τοῦτο...
1159 4507 1188 4559 :⁸0
1208 4510 1288 4578 δόγμα
1306 4504 1383 4574 ὄρθὀν
1400 4504 1452 4576 περὶ
1470 4505 1570 4572 σελήνας
1589 4522 1615 4556 τε

330 4597 371 4650 καὶ
389 4597 514 4666 ἡλίουκαὶ
532 4600 580 4650 τῶν
598 4598 679 4650 ἄλλων
697 4599 799 4668 ἄστρων,
834 4597 867 4659 ὡς
892 4602 940 4665 ἄρα
964 4597 1081 4650 πλανᾶταί
1099 4615 1165 4663 ποτε,
1194 4597 1240 4646 πᾶν
1257 4594 1283 4647 δὲ
1301 4594 1434 4647 τοὺνὰντιον
1451 4593 1503 4666 ἔχει
1520 4595 1613 4646 τούτου.

440 4688 504 4756 ¹)v.
524 4705 606 4755 supra
629 4706 654 4755 p.
680 4689 723 4754 70,
749 4689 791 4742 10.
865 4689 885 4755 ¹)
913 4692 981 4740 Tim.
1005 4688 1041 4742 39
1060 4691 1082 4740 Β
1101 4705 1158 4755 sqq.
1231 4686 1252 4753 ⁴)
1270 4688 1306 4738 ib.
1324 4685 1361 4739 40
1379 4687 1408 4738 C.
1482 4684 1504 4751 ⁵)
1522 4685 1559 4736 ib.
1578 4680 1614 4736 39

333 4781 440 4832 Β-Ε.
513 4777 532 4846 ⁸)
552 4781 587 4832 ib.
606 4777 642 4832 39
660 4781 690 4830 Β.
766 4777 827 4846 ⁷)p.
847 4777 883 4831 26
900 4779 1037 4843 tin-27,
1058 4777 1099 4831 12.
1172 4773 1471 4843 ⁸)P1at.'rim.3913.
