3608 5460
266 463 339 534 [147]
403 472 444 512 nn
459 470 570 511 arnum
585 470 624 509 nr
639 472 741 512 snnrnr
757 470 930 511 nocrnruan
944 472 1133 514 nnsrourcsn
1149 474 1407 515 Annunaa'rrosan
1506 452 1548 516 19

266 659 321 726 vel
344 660 475 746 putrefit
506 660 561 725 vel
592 659 717 747 liquefit
747 660 802 727 vel
832 661 971 745 suffitur,
1002 671 1192 726 transeunte
1215 684 1298 748 aqua
1327 665 1361 727 in
1385 676 1492 729 aerem
1516 677 1547 732 et

267 779 341 833 aere
364 768 398 830 in
421 789 548 853 aquam.
572 768 661 831 Hinc
684 766 843 854 Apuleius
866 768 997 832 odorem
1022 790 1132 832 eorum
1157 790 1228 832 esse
1251 769 1331 834 dicit
1356 794 1459 857 „quae
1476 794 1547 837 cor-

266 885 362 961 rupta
385 874 571 938 mutantur“
587 874 738 961 idemque
755 876 909 960 exprimit
925 874 1050 940 verbis:
1077 876 1371 961 „conversiones...
1396 881 1546 944 mutatio·

264 1003 386 1068 nesque
409 981 561 1046 odoratus
586 1001 701 1046 causas
725 980 803 1045 dare
827 1003 945 1067 easque
965 980 1006 1045 de
1028 982 1189 1068 corruptis
1205 983 1397 1071 (σηπομένων)
1420 985 1473 1050 vel
1489 985 1546 1049 ad-

264 1088 346 1153 ustis
377 1087 594 1175 (θυμιωμένων)
625 1087 679 1152 vel
710 1089 956 1153 mitescentibus
993 1087 1184 1176 (τηκομένων)
1196 1092 1220 1170 ¹)
1250 1088 1320 1153 vel
1353 1090 1546 1156 madefactis

264 1197 472 1285 (βρεχομένων)
495 1196 641 1260 sentiri“.
664 1195 779 1261 Cetera
793 1196 934 1281 pessime
950 1218 969 1259 a
985 1194 1213 1261 Goldbachero
1228 1206 1366 1260 tractata
1383 1208 1467 1283 sunt,
1490 1200 1545 1285 qui

263 1325 322 1390 pro
347 1303 497 1368 codicum
520 1302 659 1368 lectione
681 1303 825 1388 genuina
855 1301 909 1366 vel
940 1325 999 1366 sua
1022 1301 1076 1366 vel
1107 1301 1246 1366 aliorum
1268 1304 1376 1389 posuit
1397 1304 1544 1371 inventa:

263 1410 303 1473 In
335 1410 502 1475 codicibus
534 1409 616 1474 haec
645 1407 813 1494 leguntur:
847 1430 942 1495 „cum
973 1408 1104 1494 quidem
1129 1430 1167 1474 ea
1197 1420 1464 1495 quaeruntur
1487 1433 1545 1475 va-

262 1536 340 1603 pore
363 1516 417 1582 vel
440 1517 531 1581 fumo
554 1515 750 1582 exhalantur
781 1514 910 1579 odore
940 1516 1004 1579 viis
1035 1514 1246 1579 iudicium
1270 1538 1447 1604 sensusque
1471 1539 1546 1582 suc-

264 1624 414 1689 cedunt“.
438 1625 633 1688 Aretissime
655 1623 736 1688 haec
761 1645 836 1688 curn
859 1622 1132 1708 praecedentibus
1156 1623 1330 1688 cohaerent
1354 1636 1386 1689 et
1409 1625 1450 1688 ad
1475 1647 1544 1690 cor-

263 1753 341 1817 pora
364 1733 528 1818 pertinent
552 1741 713 1818 corrupta,
745 1753 850 1816 quae
882 1751 973 1794 cum
1003 1751 1125 1816 vapore
1149 1730 1202 1795 vel
1227 1730 1317 1794 fumo
1341 1730 1545 1818 exhalantur,

263 1837 410 1902 odoris
445 1839 510 1903 viis
544 1838 750 1902 incidunt
782 1858 961 1923 sensusque
993 1837 1181 1902 succedunt.
1216 1838 1301 1902 Nam
1332 1859 1390 1923 pro
1427 1860 1545 1925 „quae-

263 1944 399 2008 runtur“
425 1984 467 1992 -
491 1967 596 2029 quae
620 1966 710 2009 cum
734 1943 945 2009 scribendum
968 1965 1039 2008 esse
1063 1943 1232 2029 contendo,
1258 1966 1317 2032 pro
1343 1944 1541 2032 „iudicium“

263 2048 466 2116 incidunt
489 2074 582 2138 ponc,
605 2074 669 2138 quo
691 2050 793 2116 verbo
817 2053 915 2116 etiam
946 2052 980 2114 in
1004 2051 1164 2136 Apologia
1186 2052 1256 2137 (lb)
1284 2051 1441 2137 Apuleius
1466 2075 1543 2117 usus

263 2169 312 2222 est
333 2158 448 2222 eodem
471 2159 567 2223 modo
592 2161 747 2241 „rodii...
772 2181 847 2225 cum
871 2158 971 2224 alicui
988 2159 1116 2245 corpori
1138 2158 1387 2244 inciderunt...‚
1410 2158 1544 2246 paribus

262 2265 400 2351 angulis,
423 2267 541 2351 quibus
564 2266 758 2352 inciderant,
781 2265 973 2330 resultant“.
997 2265 1101 2330 Nemo
1125 2266 1212 2330 enim
1228 2264 1405 2330 affirmabit
1428 2265 1543 2331 odores

261 2373 402 2458 primum
433 2373 475 2437 ad
506 2375 606 2437 animi
638 2374 797 2438 iudicium
828 2374 951 2456 venire,
982 2383 1051 2437 tum
1076 2395 1190 2437 sensus
1215 2372 1399 2438 succedere.
1424 2373 1545 2458 Agitur

262 2478 302 2544 de
325 2480 397 2565 ipsa
419 2481 483 2566 ria⁷
513 2504 577 2566 qua
607 2480 656 2545 illi
680 2482 713 2543 in
738 2504 833 2546 nares
864 2482 1010 2546 veniunt.
1046 2480 1160 2566 Itaque
1191 2479 1299 2543 odoris
1332 2480 1406 2544 viae
1438 2482 1544 2544 nomi-

261 2596 381 2650 nantur
404 2588 474 2650 sine
497 2587 566 2651 ulla
589 2587 721 2673 quidem
746 2588 973 2674 explicatione,
1007 2609 1082 2651 cum
1107 2609 1204 2672 supra
1229 2587 1269 2652 de
1292 2588 1423 2651 narium
1445 2586 1543 2651 bifori

261 2693 317 2756 via
340 2694 418 2757 satis
450 2694 649 2779 disputatum
682 2696 731 2759 sit
754 2695 798 2759 Et
828 2705 958 2758 nostrae
988 2693 1119 2779 quidem
1144 2695 1349 2758 coniecturae
1373 2704 1409 2757 ut
1431 2694 1543 2758 ¹sensui

260 2799 476 2885 satisfaciunt,
500 2801 546 2864 ita
569 2824 589 2864 a
612 2800 762 2865 codicum
787 2801 927 2866 lectione
949 2800 1038 2865 haud
1062 2799 1159 2885 longe
1181 2800 1346 2865 recedunt.
1370 2801 1441 2865 Iam
1465 2822 1543 2866 con-

260 2906 347 2971 feras
369 2931 424 2972 eas
448 2930 523 2972 cum
546 2909 651 2994 Lipsii
675 2907 901 2972 emendatione
924 2907 1005 2972 haec
1029 2907 1215 2972 scribentis:
1246 2930 1313 2993 „ea
1336 2930 1418 2995 quae
1443 2930 1544 2971 urun-

260 3023 313 3078 tur
336 3037 458 3101 vapore
480 3014 534 3080 vel
558 3015 648 3080 fumo
672 3014 799 3080 exalato
822 3014 930 3079 odoris
954 3016 988 3079 in
1012 3016 1076 3078 viis
1092 3014 1251 3079 iudicium
1274 3037 1452 3101 sensusque
1469 3037 1543 3080 suc-

261 3121 410 3206 cedunt“‚
434 3122 487 3187 vel
511 3144 586 3188 cum
610 3122 750 3187 Koziolii
772 3121 1019 3187 tentaminibus:
1046 3144 1113 3208 ῃθθ,
1135 3142 1218 3207 quae
1241 3143 1395 3208 vaporem
1419 3120 1473 3186 vel
1490 3121 1542 3185 fu-

261 3250 350 3290 mum
373 3228 536 3314 exhalant,
558 3240 627 3293 tum
651 3228 804 3293 odoribus
828 3228 879 3293 his
894 3228 1055 3293 iudicium
1080 3228 1162 3313 cet“,
1185 3239 1221 3292 ut
1237 3249 1422 3313 cognoscas,
1443 3250 1541 3315 quam

261 3333 345 3398 male
369 3335 432 3399 viri
456 3334 542 3399 docti
566 3338 745 3400 sententiae
769 3358 899 3400 sensum
924 3335 1136 3420 perceperint.
1160 3335 1200 3398 In
1223 3334 1469 3421 insequentibus
1493 3333 1541 3399 fe-

260 3439 355 3505 licior
378 3440 441 3505 fuit
470 3439 729 3527 Goldbacherus‚
760 3443 816 3529 qui
850 3441 1038 3527 „resistent“
1072 3442 1107 3505 in
1138 3442 1439 3510 res<si>stent
1470 3463 1541 3503 mu-

259 3549 342 3612 tavit
373 3559 405 3612 et
435 3549 621 3612 Parisinum
657 3559 787 3614 secutus
818 3550 1017 3634 integrae
1049 3549 1187 3635 scripsit.
1222 3547 1286 3614 Sed
1317 3559 1349 3612 et
1379 3546 1440 3611 hoc
1470 3546 1541 3611 loco

259 3656 552 3742 interpunctionem
578 3655 696 3719 falsam
719 3657 828 3742 posuit
842 3665 874 3719 et
890 3678 932 3720 ex
947 3655 1100 3720 codicum
1121 3654 1260 3719 lectione
1280 3653 1416 3735 „auras“
1442 3676 1541 3718 aurae

258 3785 429 3850 perperam
453 3763 603 3827 restituit.
627 3762 693 3827 Hic
715 3772 764 3827 est
787 3761 876 3825 enim
898 3784 1024 3826 sensus:
1049 3783 1101 3825 res
1126 3771 1296 3848 corruptae
1312 3759 1410 3824 odore
1426 3782 1540 3825 sensus

258 3870 421 3935 inficiunt:
444 3879 478 3936 at
501 3892 553 3936 res
577 3870 605 3934 si
630 3879 714 3934 stent
737 3869 883 3954 integrae
907 3879 939 3932 et
962 3879 1018 3932 aer
1047 3890 1157 3953 purus,
1185 3890 1353 3953 nunquam
1381 3867 1540 3931 eiusmodi

259 3992 361 4041 aura
391 3978 542 4041 inficiunt
573 3999 634 4041 eos.
669 3975 798 4063 „Aura“
832 3974 955 4040 Krollii
985 3985 1034 4039 est
1063 3977 1185 4062 optima
1211 3974 1393 4039 emendatio
1416 3976 1482 4038 iam
1504 3975 1541 4037 in

259 4081 463 4147 Thesaurum
487 4084 507 4148 l.
531 4084 567 4148 L.
591 4093 730 4168 accepta.

366 4189 529 4256 Sensuum
563 4189 780 4254 humanorum
814 4188 964 4270 laudem)
999 4212 1017 4253 e
1047 4187 1192 4252 Platonis
1215 4187 1348 4251 Timaeo
1372 4189 1428 4273 (46
1452 4188 1483 4252 D
1497 4225 1539 4233 —

260 4299 301 4361 47
326 4297 367 4382 E)
391 4299 536 4362 maxima
559 4321 601 4362 ex
624 4307 715 4382 parte
745 4296 937 4382 desumptae
968 4306 1051 4360 sunt.
1098 4293 1163 4360 Sed
1185 4294 1294 4358 visum
1316 4293 1540 4381 philosophiae

260 4403 384 4467 fontem
413 4403 506 4469 Plato
537 4426 698 4490 nusquam
729 4402 914 4490 appellavit
945 4404 1000 4488 qui
1031 4401 1235 4466 econtrario
1259 4401 1343 4464 dixit
1367 4401 1484 4464 mentis
1509 4410 1541 4463 et

368 4657 386 4721 ¹)
406 4662 524 4720 apparet,
544 4673 624 4722 quam
647 4670 849 4720 supervacanea
867 4656 902 4704 sit
921 4655 1017 4705 Rohdii
1028 4654 1182 4703 coniectura
1197 4651 1458 4716 „illiquesccntibus“
1474 4650 1539 4700 scri·

258 4746 354 4795 bentis.
429 4743 448 4810 ²)
468 4762 492 4810 p.
512 4744 555 4808 76,
574 4745 635 4797 9-
646 4743 688 4797 24.

1506 4846 1540 4898 2*
