3608 5460
261 443 332 516 [177]
408 470 449 510 nn
463 469 575 510 aruum
590 470 629 510 nr
644 469 747 509 anaim
763 467 934 509 nocturnas
951 468 1137 509 thuronicae
1153 467 1391 509 anuuauariomc
1493 443 1537 508 49

260 660 458 746 memoratio,
480 660 529 724 rei
552 658 725 724 familiaris
748 681 768 724 a
790 669 916 724 mortuo
940 658 1073 724 relictae
1096 659 1216 723 mentio
1240 659 1275 722 in
1296 658 1538 744 Prolegomenis

261 768 385 834 desunt.
409 767 517 832 Patris
540 789 619 832 vero
642 767 759 831 somnii
782 766 872 832 vices
896 764 983 853 apud
1005 765 1181 851 Apuleium
1203 765 1365 852 Apollinis
1389 765 1539 850 figuratio

163 934 165 938 ,
259 885 355 941 tenet.
386 876 460 941 Hoc
490 896 565 939 cum
596 872 830 962 Olympiodoro
842 874 865 958 ¹)
889 873 957 938 solo
981 874 1011 937 ei
1035 895 1205 938 commune
1237 883 1294 958 est,
1317 873 1372 959 qui
1396 873 1538 960 scripsit:

260 983 300 1070 (u.
326 984 358 1071 1)
382 986 466 1070 φασὶν
488 976 546 1062 οὖν,
571 983 617 1046 ὅτι
640 982 740 1070 φάσμα
764 981 999 1046 Ἀπολλωνιακόν
1023 982 1192 1069 συνεγένετο
1215 990 1253 1070 τῇ
1278 982 1364 1070 μητρὶ
1388 986 1477 1044 αὐτοῦ
1499 990 1538 1070 τῇ

262 1089 441 1179 Περικτιόνῃ.
463 1090 543 1154 Mox
565 1100 673 1154 tamen
689 1089 775 1155 idem
799 1090 901 1174 patris
925 1089 1086 1153 somnium
1111 1087 1245 1173 addidit,
1269 1088 1354 1175 quod
1371 1089 1405 1152 in
1429 1088 1539 1153 Prole-

260 1198 408 1284 gomenis
430 1207 600 1261 narratum
623 1207 679 1261 est.
711 1196 897 1262 Ceterarum
930 1218 1040 1260 rerum
1063 1196 1142 1261 ordo
1167 1197 1317 1262 diversus
1341 1206 1402 1261 est:
1425 1197 1539 1282 Itaque

260 1303 434 1370 Aristochs
457 1305 690 1369 metonomasia
712 1304 938 1392 gymnasticae
962 1303 1094 1367 demum
1115 1314 1322 1389 praeceptore
1346 1325 1538 1368 commemo-

260 1421 330 1477 rato
346 1421 515 1476 enarratur
539 1412 579 1497 (c.
603 1413 646 1497 2),
670 1410 813 1476 Socratis
837 1413 998 1476 somnium
1021 1421 1091 1475 tum
1114 1410 1286 1496 profertur,
1303 1433 1377 1475 cum
1402 1410 1442 1474 de
1466 1410 1539 1475 Pla·

260 1520 345 1584 tonis
369 1519 563 1585 commercio
587 1541 663 1585 cum
687 1542 724 1583 eo
747 1529 899 1583 narratur
922 1517 962 1604 (c.
985 1518 1029 1602 4).
1074 1519 1197 1583 Mensis
1228 1528 1259 1582 et
1283 1517 1347 1582 diei
1370 1516 1540 1582 natalicio-

260 1649 333 1692 rum
364 1628 485 1692 mentio
516 1626 615 1691 deest.
661 1628 704 1691 At
727 1625 853 1714 Oratyli
887 1625 1065 1691 Heraclitei
1089 1626 1351 1690 commemoratio
1375 1626 1439 1711 ei⁹)
1464 1647 1537 1690 cum

260 1733 399 1821 Apuleio
423 1735 605 1798 communis
628 1744 684 1799 est.
709 1732 851 1799 Socratis
875 1755 953 1798 vero
976 1733 1047 1798 dies
1070 1733 1189 1798 natalis
1216 1733 1347 1796 nonnisi
1370 1734 1404 1796 in
1428 1732 1539 1796 Prole-

261 1841 407 1927 gomenis
431 1841 571 1928 etapud
595 1840 771 1927 Apuleium
787 1840 962 1925 extollitur,
987 1839 1160 1926 Speusippi
1175 1840 1296 1904 mentio
1320 1848 1351 1904 et
1374 1839 1421 1903 rei
1444 1838 1540 1902 fami-

260 1948 350 2012 liaris
375 1948 575 2012 enumeratio
598 1947 698 2012 solius
722 1948 840 2034 Apulei
863 1948 994 2034 propria
1016 1957 1077 2012 est:
1101 1947 1194 2027 Quae
1212 1969 1286 2012 cum
1308 1948 1354 2012 ita
1378 1947 1450 2032 sint,
1473 1968 1539 2012 non

260 2054 450 2120 dubitamus
480 2076 625 2120 asserere
656 2054 775 2141 Apulei
809 2055 911 2121 vitam
934 2054 1080 2118 Platonis
1105 2076 1180 2119 cum
1203 2054 1447 2140 Prolegomenis
1471 2064 1539 2118 arto

260 2161 393 2227 vinculo
417 2162 598 2248 cohaerere,
615 2161 655 2227 ab
672 2161 899 2251 Olympiodori
914 2163 983 2226 vita
999 2161 1127 2248 longius
1143 2161 1305 2228 recedere.
1329 2161 1394 2229 Sed
1409 2183 1538 2229 omnes

261 2292 327 2334 eae
350 2271 457 2336 vitae
480 2269 526 2357 ad
551 2269 710 2336 eundem
736 2270 882 2334 fontem
899 2281 1078 2356 spectare
1093 2269 1294 2355 videntur,
1314 2269 1360 2333 ad
1377 2267 1443 2335 Oai
1459 2267 1538 2355 phi·

260 2376 411 2462 losophi
434 2376 711 2464 prolegomena
734 2378 778 2441 de
803 2377 978 2441 Platonis
1002 2376 1259 2464 philosophia.
1283 2375 1318 2442 Si
1342 2376 1426 2440 enim
1445 2398 1483 2440 ea
1504 2376 1538 2438 in

261 2484 450 2547 memoriam
466 2485 741 2569 revocaverimus,
764 2506 846 2569 quae
862 2482 1005 2547 Albinus
1022 2484 1062 2547 de
1078 2483 1320 2548 Platonicorum
1338 2481 1539 2568 dialogorum

260 2591 385 2654 ratione
407 2599 503 2676 atque
527 2589 635 2654 indole
659 2590 839 2677 disputavit
862 2591 896 2654 in
912 2590 1023 2655 libello
1039 2614 1058 2655 a
1074 2590 1292 2655 Frendentalo
1312 2589 1436 2676 publici
1459 2589 1540 2653 iuris

262 2695 347 2761 facto
358 2696 382 2782 ³)
395 2708 426 2761 et
438 2719 476 2761 ea
485 2698 780 2783 comparaverimus
793 2719 868 2762 cum
877 2697 1185 2782 Prolegomeuorum
1195 2697 1299 2783 capite
1313 2706 1426 2782 quarto
1439 2718 1541 2783 usque

260 2804 302 2867 ad
315 2813 452 2889 sextum,
468 2826 533 2867 non
549 2803 770 2870 dubitabimus
785 2803 867 2868 haec
882 2804 923 2868 ad
940 2804 1078 2868 eundem
1096 2804 1217 2869 fontem
1234 2804 1387 2890 relegare,
1404 2827 1467 2891 quo
1482 2803 1551 2896 Al-⁴

260 2911 357 2976 binus
381 2934 459 2976 usus
483 2922 539 2976 est.
563 2912 723 2992 Quicum
746 2913 780 2975 in
803 2914 888 3000 λόγῳ
911 2904 1108 2995 dulceamina
1131 2912 1190 2979 Oai
1213 2911 1340 2976 scholas
1357 2913 1391 2975 in
1408 2911 1541 2976 brevem

261 3042 422 3083 summam
443 3019 616 3105 redegerit,
651 3020 747 3084 etiam
771 3020 806 3083 in
829 3019 929 3108 altero
960 3019 1044 3084 libro
1068 3019 1207 3084 eundem
1232 3018 1355 3083 fontem
1379 3018 1541 3106 expilasse
1612 3094 1614 3098 Α

261 3127 399 3191 videtur.
423 3126 658 3212 Prolegomena
675 3149 761 3210 vero,
784 3148 867 3213 quae
878 3126 981 3191 multa
997 3148 1073 3191 cum
1089 3150 1127 3191 eo
1143 3126 1329 3191 communia
1350 3125 1479 3210 habent,
1491 3125 1541 3189 vi-

260 3243 400 3319 tamque,
412 3235 593 3299 arctissime
606 3256 681 3299 cum
694 3234 843 3320 opusculi
858 3234 1021 3320 proposito
1034 3233 1268 3319 cohaerentem,
1284 3233 1325 3299 ab
1338 3233 1459 3298 Albino
1475 3255 1540 3297 non

262 3338 467 3425 descriptam,
490 3341 705 3427 suppeditant,
729 3364 771 3407 ex
788 3340 901 3407 eodem
921 3341 1009 3406 fonte
1025 3341 1169 3426 pleniore
1192 3341 1308 3405 hausta
1331 3362 1402 3406 esse
1425 3340 1541 3406 viden-

261 3456 323 3533 tur,
354 3469 372 3510 e
403 3445 461 3513 Oai
493 3445 613 3511 scholis
645 3448 684 3512 ab
717 3448 838 3513 Albino
863 3450 964 3513 editis.
988 3450 1081 3530 Quae
1104 3448 1245 3514 Albinus
1268 3459 1335 3512 toto
1363 3447 1476 3513 libello
1500 3447 1539 3511 de

261 3553 406 3618 Platonis
429 3554 576 3619 narravit
599 3553 736 3640 placitis,
759 3578 797 3619 ea
819 3557 852 3619 in
877 3557 1121 3642 Prolegomenis
1139 3556 1330 3620 brevissime
1353 3565 1540 3642 tanguntur,

261 3683 336 3725 cum
359 3659 505 3725 Platonis
529 3660 677 3726 doctrina
701 3683 775 3726 cum
799 3663 997 3749 reliquorum
1021 3662 1285 3749 philosophorum
1300 3660 1429 3750 placitis
1454 3684 1539 3726 com-

260 3778 402 3855 paratur.
446 3767 528 3832 Eius
559 3779 667 3834 autem
692 3770 941 3856 comparationis
965 3769 1106 3855 vestigia
1134 3770 1231 3833 etiam
1255 3767 1342 3856 apud
1364 3768 1537 3856 Apuleium

261 3873 442 3962 detegimus
465 3875 507 3962 (p
531 3876 583 3961 65,
606 3877 650 3941 20
673 3880 812 3963 sqq.).-
825 3877 890 3944 Sed
912 3876 967 3941 hic
989 3874 1211 3963 philosophiae
1237 3875 1423 3940 Platonicae
1445 3898 1536 3940 reno-

260 3993 355 4047 vatae
378 4005 495 4048 cursus
518 3982 655 4048 fortasse
678 3983 743 4048 alia
766 3985 935 4048 occasione
958 3983 1172 4048 enarrabitur.
1214 3984 1311 4047 Nunc
1334 3982 1466 4069 quidem
1490 3984 1536 4047 vi-

260 4111 334 4153 rum
357 4090 567 4175 ostendimus,
591 4091 647 4176 qui
670 4091 814 4156 Platonis
837 4089 966 4176 placita,
989 4113 1072 4177 quae
1096 4091 1137 4155 ad
1163 4090 1376 4177 dialecticam,
1398 4090 1533 4177 philoso-

260 4196 371 4283 phiam
393 4197 577 4264 naturalem
594 4208 625 4262 et
640 4197 797 4263 moralem
813 4209 968 4285 spectant,
983 4200 1018 4263 in
1035 4200 1132 4263 unius
1149 4197 1293 4284 corporis
1309 4197 1447 4264 formam
1467 4198 1537 4263 red-

261 4305 328 4391 egit
350 4326 460 4392 eaque,
482 4328 566 4392 quae
582 4305 724 4391 deerant,
748 4328 789 4370 ex
805 4305 990 4371 Aristotelis
1012 4307 1153 4370 maxime
1176 4306 1306 4371 seriniis
1330 4306 1540 4393 supplevit⁴):

369 4485 386 4551 ¹)
407 4487 434 4537 Ο.
455 4488 484 4539 F.
504 4489 652 4550 Hermann,
672 4488 724 4537 vol.
738 4488 775 4537 Vl
788 4487 916 4550 Platonis,
936 4488 1090 4552 appendicis
1110 4504 1134 4552 p.
1147 4485 1261 4539 46-51.
1322 4484 1342 4552 ¹)
1361 4485 1378 4538 4
1397 4482 1536 4554 διδασκάλῳ

261 4571 355 4623 πάλιν
373 4571 495 4643 ἐχρήσατο
514 4573 631 4644 Κρατύλῳ
650 4579 684 4642 τῷ
704 4573 882 4644 Ἡρακλειτείῳ,
939 4574 1188 4642 ¹)Hcllenistische
1212 4577 1324 4628 Studien
1347 4576 1372 4638 3,
1392 4577 1478 4625 forma
1496 4576 1539 4626 dc·

261 4664 357 4715 teriora
374 4665 475 4731 legitur
492 4666 515 4715 is
540 4667 610 4731 apud
630 4667 658 4718 O.
678 4667 708 4716 F.
727 4667 911 4716 Hormannum
936 4667 954 4715 1.
980 4667 997 4716 l.
1024 4683 1049 4731 p.
1068 4664 1164 4718 3-7.
1255 4663 1276 4733 ⁴)
1295 4667 1355 4729 Qua
1372 4665 1401 4716 in
1419 4681 1448 4716 re
1466 4665 1540 4715 Posi-

261 4753 370 4808 donium
388 4755 466 4805 illum
483 4754 616 4807 Rhodium
635 4760 743 4807 secutus
762 4771 820 4808 esse
839 4755 953 4809 videtur.

1522 4858 1541 4921 4
