3608 5460
334 427 378 490 44
826 451 1009 492 ruinnauus
1031 451 1119 492 siuxo
1543 425 1620 525 [¹72]

335 640 481 706 tellectos
505 640 616 705 fuisse.
639 641 682 705 Et
703 641 729 704 si
747 640 781 704 id
796 641 1046 728 respexerimus,
1062 640 1149 727 quod
1164 639 1278 706 Albini
1294 639 1423 706 libellus
1446 651 1622 728 propterea

336 749 477 835 scriptus
508 760 565 833 est,
596 759 633 812 ut
663 747 887 813 adulescentes
919 770 1025 834 nuper
1054 749 1088 811 in
1119 747 1332 813 Academiam
1356 749 1479 835 recepti
1501 749 1538 813 in
1568 759 1619 814 co

338 855 404 919 tius
427 854 649 941 philosophiae
665 852 851 918 Platonicae
874 855 1032 918 rationem
1049 865 1082 918 et
1096 853 1303 941 disciplinam
1325 854 1623 940 introducerentur,

336 973 509 1047 antequam
533 961 673 1047 dialogis
696 960 844 1047 legendis
868 972 964 1047 atque
988 960 1192 1046 explicandis
1215 982 1347 1048 operam
1371 962 1495 1047 darent,
1519 961 1621 1027 facile

337 1067 508 1133 credemus
531 1068 669 1154 Apuleio
690 1068 859 1152 elementa,
883 1078 919 1132 ut
941 1068 987 1131 ita
1002 1067 1158 1144 dicamus,
1181 1067 1380 1132 Academica
1404 1067 1544 1134 discenti
1565 1069 1620 1133 in-

336 1174 572 1240 troductionem
597 1174 761 1261 quandam
785 1176 819 1238 in
839 1174 981 1239 Platonis
1004 1174 1251 1262 philosophiam,
1273 1198 1291 1239 e
1314 1173 1373 1240 Oai
1397 1175 1515 1239 scholis
1540 1196 1621 1240 con·

336 1282 454 1368 fictam,
478 1284 512 1345 in
535 1283 686 1351 manibus
710 1281 820 1346 fuisse.
843 1282 962 1369 Apulei
979 1281 1228 1346 contubernium
1243 1303 1318 1346 cum
1335 1283 1492 1348 Pontiano
1514 1281 1621 1346 Athe-

337 1392 388 1454 nis
411 1390 529 1454 florens
543 1393 566 1471 1)
597 1388 826 1475 consideranti,
857 1388 954 1454 facile
985 1391 1018 1452 in
1050 1399 1191 1453 mentem
1223 1389 1323 1473 venit,
1347 1389 1523 1454 iuvenibus
1546 1390 1621 1475 qui-

337 1497 475 1562 busdam
500 1495 658 1560 divitibus
683 1494 832 1560 custodes
855 1505 1061 1582 rectoresque
1092 1494 1219 1560 additos
1242 1517 1322 1581 esse,
1345 1497 1400 1581 qui
1425 1495 1540 1560 studiis
1564 1518 1621 1560 eo-

337 1626 410 1668 rum
430 1613 625 1690 praeessent.
649 1601 747 1688 Quid,
763 1603 790 1665 si
805 1603 935 1666 iuvenis
951 1602 1083 1688 linguae
1098 1603 1245 1670 Graecae
1261 1618 1325 1667 non
1350 1624 1547 1689 magnopere
1561 1625 1621 1688 pe-

337 1712 419 1776 ritus
443 1712 477 1774 in
500 1709 619 1795 Apulei
643 1732 755 1773 curam
787 1707 916 1774 deditus
950 1710 1021 1774 est?
1044 1710 1160 1774 Nonne
1183 1711 1217 1773 in
1241 1733 1339 1774 usum
1362 1710 1431 1773 eius
1454 1708 1619 1776 Graecam

338 1840 430 1882 suam
453 1815 725 1880 introductionem
748 1816 865 1880 Latine
888 1817 1026 1881 vertisse
1048 1815 1187 1901 videtur,
1222 1839 1419 1903 quamquam
1442 1817 1512 1903 ipse
1535 1838 1621 1880 non-

338 1924 415 1988 dum
439 1934 525 1988 totus
549 1946 583 1987 se
607 1924 640 1985 in
664 1922 811 1986 Platonis
835 1922 1072 2010 philosophiam
1102 1924 1342 2009 ingurgitavit?
1366 1923 1458 2003 Quae
1481 1944 1556 1987 cum
1572 1923 1621 1987 ita

338 2033 411 2117 sint,
435 2031 628 2095 Faustinum
652 2029 746 2093 illum
769 2028 882 2116 filium,
910 2031 952 2094 ad
975 2053 1072 2117 quem
1096 2030 1172 2095 libri
1196 2030 1235 2095 de
1259 2031 1394 2096 Platone
1418 2031 1509 2094 missi
1532 2041 1621 2116 sunt,

338 2138 458 2225 Apulei
483 2137 675 2225 disciplinae
700 2137 868 2201 alumnum
893 2136 1003 2223 fuisse,
1026 2137 1125 2203 facile
1141 2137 1308 2203 concedes.

444 2244 601 2310 Eiusdem
624 2245 773 2309 Faustini
796 2245 920 2308 nomini
939 2245 1023 2310 liber
1040 2244 1079 2309 de
1095 2244 1216 2308 mundo
1239 2246 1416 2333 inscriptus
1440 2256 1497 2310 est.
1520 2246 1621 2327 Quod

338 2350 530 2440 opusculum
562 2375 624 2438 quo
655 2363 800 2438 tempore
823 2353 1044 2436 conscriptum
1068 2353 1110 2416 sit
1134 2373 1208 2416 cum
1240 2353 1418 2438 quaeritur,
1437 2352 1519 2418 haec
1542 2363 1620 2417 ante

303 2450 306 2455 ¹
338 2460 448 2524 oculos
471 2459 621 2523 habenda
645 2469 733 2523 sunt:
758 2458 922 2546 Phrygiae
945 2459 1095 2544 regiones
1119 2459 1159 2522 ab
1177 2460 1316 2545 Apuleio
1340 2459 1443 2524 oculis
1466 2461 1531 2524 iam
1547 2470 1621 2524 tum

337 2569 426 2631 visas
450 2566 552 2630 fuisse
563 2567 600 2652 2);
632 2566 754 2630 Romae
784 2565 872 2630 locos
897 2576 928 2630 et
952 2567 982 2629 ei
1006 2567 1152 2650 cognitos
1183 2588 1254 2630 esse
1286 2578 1317 2630 et
1340 2568 1505 2650 Faustin0,
1529 2567 1620 2653 apud

339 2696 434 2759 quem
458 2674 527 2738 sine
547 2672 614 2736 ulla
630 2671 854 2758 explicatione,
878 2673 977 2736 immo
1001 2672 1143 2757 exempli
1165 2674 1280 2758 gratia,
1303 2672 1467 2738 hominem
1490 2673 1532 2738 ad
1555 2675 1620 2738 Mi·

338 2782 470 2844 nuciam
494 2784 550 2863 (sc.
580 2781 754 2865 porticum)
786 2778 1020 2844 frumentatum
1043 2781 1229 2844 venientem
1254 2791 1484 2846 commemorat
1493 2783 1528 2867 3).
1552 2781 1620 2847 Sed

339 2888 511 2974 quominus
541 2887 664 2951 Romae
694 2885 842 2951 libellum
866 2887 1023 2973 scriptum
1047 2908 1118 2950 esse
1141 2898 1300 2973 putemus,
1323 2887 1386 2952 hac
1408 2886 1622 2973 prohibemur

339 2994 548 3079 sententia⁴):
575 2993 735 3080 ,Phidian
757 2993 902 3057 illum...
926 2993 1025 3058 vide
1049 2993 1140 3080 ipse
1163 2995 1197 3056 in
1214 2992 1319 3080 clipeo
1335 2996 1513 3079 Minervae,
1536 3017 1620 3081 quae

339 3100 469 3166 arcibus
493 3100 746 3166 Atheniensibus
770 3101 940 3185 praesidet,
968 3101 1033 3164 oris
1063 3100 1309 3165 similitudinem
1332 3101 1513 3186 conligasse
1536 3103 1620 3167 cet“.

339 3208 395 3275 Sic
418 3208 547 3271 nonnisi
572 3230 646 3271 eum
678 3207 809 3293 adloqui
838 3208 951 3293 potuit,
976 3209 1029 3272 cui
1061 3206 1179 3272 cotidie
1202 3230 1309 3273 arcem
1334 3207 1537 3273 Athenarum
1560 3207 1620 3272 ad-

340 3315 439 3380 eundi
463 3327 494 3379 et
516 3313 650 3378 Phidiae
673 3315 855 3379 Minervam
880 3314 1048 3400 spectandi
1071 3313 1211 3379 facultas
1234 3317 1312 3380 erat.
1358 3317 1446 3400 Ergo
1469 3313 1620 3380 libellum

340 3422 380 3487 de
403 3421 525 3486 mundo
549 3421 590 3485 ad
613 3421 854 3486 adulescentem
877 3421 1070 3507 Romanum,
1093 3423 1147 3508 qui
1176 3421 1313 3487 Athenis
1341 3421 1488 3507 degebat,
1515 3421 1620 3487 Athe-

340 3531 391 3593 nis
415 3530 572 3616 scriptum
597 3551 667 3592 esse
690 3527 778 3591 haud
802 3528 910 3614 inepte
934 3528 1141 3593 coniciamus.
1176 3529 1222 3594 Ut
1246 3551 1323 3594 vero
1347 3529 1520 3593 credamus
1543 3550 1621 3593 eum

339 3647 412 3723 post
442 3636 544 3701 libros
577 3635 616 3699 de
648 3635 782 3700 Platone
813 3636 1026 3721 compositum
1051 3657 1129 3720 esse,
1152 3636 1204 3699 his
1227 3634 1435 3700 adducimur:
1460 3634 1620 3721 Apuleius

340 3743 535 3829 exemplaris
559 3741 677 3808 Graeci
701 3744 926 3807 auctoritatem
951 3743 997 3806 ita
1013 3745 1168 3828 sequitur,
1191 3754 1227 3807 ut
1251 3766 1310 3806 suo
1325 3742 1447 3807 iudicio
1462 3741 1621 3807 nonnulla

340 3873 382 3914 ex
404 3848 539 3914 Platone
563 3850 602 3934 (e.
627 3873 655 3933 g.
679 3848 864 3935 epilogum),
887 3849 952 3913 alia
975 3873 1017 3914 ex
1040 3848 1147 3915 Gellio
1168 3849 1222 3913 vel
1237 3847 1325 3914 Gelli
1349 3848 1438 3914 fonte
1461 3849 1515 3932 (de
1537 3871 1620 3913 ven-

339 3960 381 4022 tis
405 3980 431 4022 c.
457 3958 580 4037 1314)
604 3955 710 4040 addat,
735 3977 809 4019 cum
833 3958 868 4019 in
891 3956 1005 4022 Albini
1029 3956 1117 4021 fonte
1141 3957 1258 4020 Latine
1289 3956 1516 4021 transferendo
1540 3957 1621 4020 satis

340 4064 488 4147 fideliter,
512 4065 611 4126 immo
635 4061 806 4147 serviliter,
830 4063 1026 4150 exemplaris
1050 4063 1169 4128 Graeci
1185 4064 1326 4149 vestigia
1348 4064 1512 4150 presserit.
1537 4061 1621 4127 Ora-

340 4173 426 4235 tione
450 4182 557 4234 autem
581 4192 660 4234 usus
683 4181 732 4233 est
754 4168 856 4233 multo
880 4170 1074 4234 correctione
1098 4179 1129 4232 et
1153 4169 1379 4255 splendidiore,
1402 4192 1498 4255 quam
1522 4169 1556 4230 in
1579 4166 1620 4232 li-

341 4277 435 4343 bellis
460 4277 500 4341 de
524 4276 666 4342 Platone.
712 4278 826 4363 Neque
857 4278 921 4339 iam
953 4298 1027 4340 cum
1051 4280 1209 4341 sermonis
1233 4287 1375 4363 egestate
1399 4277 1540 4341 luctatur
1562 4298 1622 4340 ne-

341 4407 403 4470 que
420 4406 506 4449 nova
522 4383 680 4470 quaedam
698 4383 800 4448 verba
823 4395 1007 4467 excusatur,
1032 4389 1086 4447 sed
1110 4386 1188 4448 artis
1212 4383 1373 4448 vocabula
1397 4383 1526 4449 Graeca
1549 4383 1621 4446 sine

341 4513 607 4520 ——-—.

448 4546 468 4614 ¹)
488 4565 512 4612 p.
534 4544 594 4606 119.
614 4545 648 4598 14
666 4547 760 4599 Goldb.
816 4545 836 4613 ²)
856 4565 880 4612 p.
900 4545 960 4611 132,
979 4545 1014 4598 22
1033 4547 1102 4597 aliua
1122 4548 1155 4596 ad
1175 4547 1321 4596 Minuciam
1335 4546 1528 4595 frumentatum
1546 4544 1622 4594 venit

342 4639 376 4689 ci.
397 4639 439 4688 Ps.
459 4637 540 4686 Arist.
569 4633 622 4700 περὶ
640 4637 732 4702 κόσμου
759 4653 784 4701 p.
812 4633 880 4687 4001)
906 4636 938 4688 15
964 4632 1037 4698 ὁμέν
1056 4652 1088 4693 τις
1107 4631 1137 4693 εἰς
1156 4632 1183 4683 rh
1203 4634 1337 4698 πρυτανεῖον
1357 4630 1443 4700 βαδίζει
1462 4633 1621 4699 (πτησόμενος,

342 4727 388 4776 ubi
407 4727 439 4776 de
457 4727 526 4776 bene
545 4726 648 4775 meritis
667 4725 774 4790 publice
793 4725 901 4775 nutritis
921 4741 1006 4775 sermo
1026 4733 1074 4775 est.
1132 4722 1151 4792 ³)
1169 4741 1194 4788 p.
1216 4721 1274 4786 130,
1295 4722 1336 4775 15.
1397 4722 1418 4790 ⁴)
1437 4723 1513 4786 Apol.
1533 4738 1556 4774 c.
1577 4721 1620 4775 72.
