3608 5460
261 429 303 493 10
756 454 940 496 ruannnuue
959 456 1046 496 smuo
1472 426 1545 496 [1331

259 639 381 727 plicem
405 643 597 712 claritatem.
619 646 663 710 Elt
685 646 771 730 ignis
794 644 927 731 quidem
949 645 1113 729 trigonum
1145 643 1265 728 angulo
1288 653 1377 707 recto
1401 665 1465 706 non
1488 665 1548 728 pa-

260 747 353 813 ribus
376 751 525 836 partibus
548 753 744 817 instructum
767 751 913 816 Platonis
944 762 993 816 est
1019 752 1167 839 τριγώνιον
1190 753 1257 837 μίαν
1279 751 1370 838 ὀρθὴν
1394 757 1462 837 ἔχον
1484 773 1545 837 γω-

259 857 329 940 νίαν,
351 862 489 946 πλευραῖς
513 863 616 933 ἀνίσοις
639 859 721 923 ἄνισα
744 860 817 947 μέρη
840 866 988 947 νενεμένης
1012 859 1068 944 (sc.
1093 866 1146 947 τῆς
1173 857 1264 938 ὀξείας
1295 860 1412 944 γωνίας)
1424 860 1458 939 1);
1480 866 1545 920 ter-

260 982 317 1026 rae
340 965 472 1049 trigona
496 966 620 1031 directo
652 965 771 1052 angulo
803 977 835 1031 et
865 965 1014 1050 vestigiis
1037 965 1169 1051 paribus
1194 977 1270 1028 sunt
1292 986 1339 1049 ea,
1362 963 1403 1028 de
1426 962 1546 1050 quibus

260 1065 354 1133 Plato
378 1069 472 1136 dicit:
504 1077 690 1161 ἑκατέρωθεν
723 1079 784 1159 ἔχει
806 1073 889 1160 μέρος
919 1074 1024 1159 γωνίας
1047 1075 1135 1159 ὀρθῆς
1162 1076 1295 1158 πλευραῖς
1317 1074 1388 1144 ἴσαις
1411 1061 1546 1158 διῃρημέ-

260 1175 355 1262 qd).
380 1177 445 1244 Sed
468 1179 534 1242 iam
558 1202 606 1263 ea,
637 1201 719 1267 quae
751 1189 939 1265 sequuntur.
964 1201 1040 1243 cum
1063 1177 1182 1242 Albino
1210 1201 1324 1241 rursus
1349 1191 1545 1262 congruunt:

423 1358 502 1422 Apul.
521 1376 546 1424 p.
566 1358 609 1422 69,
628 1359 645 1410 2
664 1375 720 1424 sqq.
1049 1359 1107 1408 Alb.
1127 1374 1150 1408 c.
1170 1357 1204 1409 13
1223 1375 1248 1422 p.
1268 1355 1310 1421 24,
1330 1357 1364 1410 12
1383 1375 1439 1423 sqq.

263 1449 290 1492 et
314 1445 411 1508 prioris
437 1447 544 1512 quidem
569 1450 671 1499 formae
690 1456 744 1498 tras
763 1449 866 1513 species
939 1444 1106 1515 διεσχηματίσε
1121 1443 1230 1514 πυραμίδι
1249 1442 1297 1511 (καὶ
1315 1445 1392 1514 κύβῳ)
1412 1444 1454 1496 καλ
1472 1442 1544 1497 ὀκτα-

262 1532 392 1584 existerc:
412 1537 587 1600 pyramidem,
600 1537 773 1601 octangulam
786 1544 812 1588 et
824 1538 863 1586 vi·
936 1536 997 1604 ε’δρῳ
1018 1533 1057 1586 καὶ
1075 1532 1236 1603 εἰκοσαέδρῳ·
1261 1533 1300 1584 rel
1324 1533 1392 1587 καδο
1412 1532 1453 1604 μὲν
1470 1552 1546 1603 πυρα·

263 1620 464 1688 gintiangulam
483 1625 633 1690 sphaeram.
653 1633 680 1676 et
702 1627 867 1692 pyramidem
940 1623 1009 1694 μίδος
1028 1628 1111 1694 σχῆμα
1129 1622 1212 1692 ἔλαβεν
1230 1623 1244 1690 ἡ
1262 1622 1316 1691 ὕλη,
1329 1628 1377 1691 πῦρ
1396 1622 1547 1694 ἐγένετο...,

262 1707 378 1774 figuram
397 1712 468 1778 ignis
483 1715 511 1763 in
530 1732 559 1766 sc
578 1714 868 1781 habere,octangulam
941 1713 1005 1765 καδδ
1034 1712 1059 1765 δὲ
1088 1711 1219 1781 ὀκταέδρου
1247 1713 1288 1780 τὴν
1324 1711 1394 1780 ἀέρος
1432 1715 1546 1778 ποιότητα

264 1812 327 1849 vcro
347 1802 426 1865 acris,
447 1804 604 1868 angularem
631 1805 713 1855 vicies
733 1805 874 1869 sphaeram
947 1800 1054 1871 ἀνέλαβε,
1081 1801 1150 1854 καθὸ
1178 1802 1203 1854 δὲ
1234 1800 1384 1869 εἰκοσαέδρου
1409 1802 1481 1853 τύπον
1505 1801 1552 1869 τὴν

416 1907 503 1957 aquae
522 1893 641 1943 dicatam
661 1910 726 1945 esse.
1093 1893 1180 1956 ὕδατος
1199 1895 1315 1959 ποιότητα
1334 1889 1397 1961 ἔσχε.

373 2040 458 2108 (lubi
481 2043 608 2107 nullam
631 2044 768 2109 antehac
786 2047 989 2110 'mentionem
1015 2045 1175 2132 Apuleius
1198 2045 1284 2110 fecit.
1308 2046 1352 2109 At
1368 2066 1456 2107 nunc
1472 2066 1547 2109 cum

264 2145 385 2211 Albino
408 2158 514 2214 terrae
536 2152 705 2238 proprium
729 2175 803 2216 eum
835 2174 907 2217 esse
938 2153 1031 2217 dicit:
1063 2155 1100 2216 τὸ
1124 2143 1156 2216 δὲ
1179 2162 1232 2216 τοῦ
1255 2153 1345 2234 κύβου
1368 2160 1470 2240 σχῆμα
1493 2156 1548 2214 ἀπ-

264 2245 360 2317 εδίδου
382 2264 421 2344 τῇ
445 2257 530 2345 pff).
555 2258 594 2322 In
619 2258 852 2324 elementorum
875 2269 984 2323 tamen
1000 2258 1250 2345 proprietatibus
1266 2257 1458 2322 enarrandis
1475 2256 1548 2320 Pla-

264 2365 410 2440 tonem4)
433 2365 587 2451 sequitur,
611 2366 703 2429 cuius
727 2366 895 2450 sententia,
919 2364 960 2430 ab
984 2365 1104 2430 Albino
1128 2365 1260 2452 quidem
1282 2364 1439 2450 neglecta,
1463 2363 1548 2428 banc

265 2464 517 2556 descriptionem
541 2471 719 2536 concludit:
751 2484 801 2559 „et
825 2471 890 2536 alia
912 2473 1006 2536 initia
1029 2473 1172 2537 inveniri
1188 2472 1324 2536 forsitan
1348 2493 1450 2558 posse,
1466 2493 1549 2557 quae

266 2571 326 2637 deo
350 2587 427 2641 nota
450 2589 526 2643 sunt
548 2579 602 2644 vel
625 2581 664 2664 ei,
688 2581 742 2667 qui
774 2581 816 2644 sit
846 2579 910 2643 diis
934 2579 1089 2644 amious“.
1112 2581 1166 2652 τὰς
1197 2571 1222 2644 δ’
1247 2586 1289 2644 ἔτι
1318 2581 1433 2644 τούτων
1457 2579 1550 2664 ἀρχὰς

266 2679 380 2747 ἄνωθεν
403 2687 472 2759 θεὸς
494 2677 553 2750 οἶδε
576 2689 625 2750 καὶ
647 2679 767 2774 ἀνδρῶν,
791 2687 820 2760 ὃς
843 2685 878 2750 ἂν
901 2689 1000 2768 ἐκείνῳ
1024 2691 1103 2773 φίλος
1124 2682 1184 2776 ᾖῧ).
1208 2686 1273 2752 Sed
1295 2685 1388 2750 Plato
1411 2686 1452 2749 de
1467 2684 1549 2769 figu-

265 2809 378 2852 rarum
402 2794 508 2857 causis
532 2795 650 2879 ignotis
673 2794 824 2882 loquitur,
847 2793 1006 2881 Apuleius
1029 2795 1098 2881 ipse
1121 2817 1186 2858 non
1210 2795 1280 2879 ecit,
1303 2815 1385 2879 quae
1408 2792 1472 2856 alia
1487 2792 1549 2855 ini-

266 2895 316 2959 tia
338 2909 467 2983 praeter
497 2903 603 2986 prima
634 2901 796 2967 elementa
827 2903 969 2966 inveniri
1001 2903 1134 2986 possint,
1165 2901 1229 2964 nisi
1259 2923 1333 2964 eum
1358 2899 1398 2964 de
1421 2899 1549 2964 aethere

272 3005 417 3088 cogitare
433 3007 572 3093 putabis,
588 3008 629 3073 de
646 3031 708 3095 quo
724 3008 805 3073 haec
820 3008 956 3073 tradidit
980 3009 1014 3072 in
1037 3007 1122 3072 libro
1139 3012 1177 3072 de
1192 3007 1314 3071 mundo
1325 3006 1362 3092 e),
1389 3005 1549 3093 „elemen-

269 3120 338 3174 tum
362 3135 427 3176 non
451 3137 552 3178 unum
575 3139 617 3180 ex
640 3126 800 3203 quattuor,
823 3138 907 3203 quae
930 3126 1006 3180 nota
1022 3128 1098 3178 sunt
1114 3115 1250 3199 cunetis,
1267 3113 1324 3178 sed
1340 3113 1436 3200 longe
1452 3112 1554 3197 aliud,

267 3240 403 3285 numero
426 3223 586 3308 quintum,
620 3224 764 3309 primum
795 3223 919 3306 ordine,
950 3244 1070 3308 genere
1101 3221 1252 3286 divinum
1276 3232 1307 3286 et
1330 3219 1550 3286 inviolabile“.

374 3328 415 3391 ln
438 3351 484 3414 ea,
508 3351 590 3415 quae
622 3331 767 3416 sequitur
797 3330 913 3394 mundi
937 3329 1153 3414 descriptione
1181 3351 1243 3394 nec
1267 3328 1409 3393 Albinus
1432 3351 1452 3391 a
1475 3327 1553 3391 Pla-

267 3441 342 3497 tone
366 3433 463 3520 longe
487 3438 622 3501 recessit
654 3459 716 3502 nec
747 3436 789 3501 ab
814 3435 936 3501 Albino
960 3435 1129 3523 Apuleius.
1153 3437 1268 3523 Itaque
1292 3457 1367 3500 cum
1390 3434 1549 3498 mundum

269 3560 311 3602 ex
334 3543 421 3605 omni
452 3566 545 3629 aqua,
575 3545 660 3629 igne,
692 3555 775 3628 aere,
805 3553 892 3607 terra
924 3542 1047 3607 factum
1079 3543 1159 3608 dicit
1188 3541 1397 3629 nullamqnae
1421 3540 1550 3606 illorum

267 3658 394 3732 partem
425 3661 517 3714 extra
547 3651 659 3715 orbem
691 3650 839 3738 relinqui,
870 3650 1134 3731 sed<ne>vim
1165 3650 1296 3736 quidem
1327 3651 1399 3715 eius
1423 3652 1552 3731 esse⁷)

270 3757 475 3822 extrinsecus
499 3757 733 3823 inveniendam
744 3761 777 3842 ⁸),
795 3780 870 3823 cum
893 3757 1028 3823 Platone
1038 3760 1062 3844 ⁹)
1087 3757 1329 3844 componendus
1350 3767 1400 3822 est
1421 3766 1553 3842 propter

272 3860 355 3926 illud
380 3865 584 3930 extrinsecus
609 3864 747 3951 (ἔξωθεν)
770 3864 811 3930 ab
834 3864 956 3929 Albino
979 3866 1144 3928 omissum.
1168 3864 1233 3930 Sed
1257 3886 1339 3949 quae
1362 3862 1553 3948 adiungitur

272 4024 345 4034 n——-
350 4028 536 4036 --—..—...—-—

378 4080 398 4146 1)
417 4081 485 4132 Tim.
505 4099 529 4147 p.
550 4079 586 4134 53
606 4083 637 4132 D.
722 4078 742 4145 ²)
760 4081 824 4132 ibid.
909 4079 928 4145 3)
946 4097 972 4145 p.
992 4079 1034 4144 24,
1055 4079 1096 4132 18.
1180 4080 1200 4146 ⁴)
1218 4081 1285 4130 Tim.
1305 4097 1330 4144 p.
1354 4077 1390 4131 5ss
1413 4081 1445 4138 A,
1461 4076 1499 4130 be
1519 4079 1551 4130 Dr

270 4163 291 4234 ⁸)
309 4167 345 4219 ib.
365 4167 400 4221 53
418 4171 443 4219 D
461 4177 527 4222 extr.

377 4255 396 4324 ο)
416 4257 467 4311 291
488 4259 556 4310 Oud.
585 4260 660 4323 Quae
684 4275 717 4308 ex
736 4259 867 4310 eiusmodi
886 4258 1084 4309 concordantiis
1109 4274 1170 4308 curn
1194 4258 1303 4324 reliquis
1321 4257 1418 4322 Apulei
1446 4257 1555 4321 scriptis

274 4346 309 4396 ed
328 4363 418 4398 eornm
437 4356 542 4413 tempus
561 4348 741 4399 definiendum
760 4348 817 4398 erui
835 4354 955 4412 possunt,
975 4363 1008 4397 ea
1026 4363 1141 4398 excursu
1158 4348 1354 4399 tractabuntur.

380 4434 560 4502 ¹)legendum
582 4438 653 4488 enim
680 4445 733 4490 est:
759 4437 814 4487 sed
838 4453 876 4486 ne
902 4437 965 4486 vim
984 4437 1115 4501 quidem
1135 4436 1207 4487 cius
1231 4443 1365 4494 c<sre>
1389 4436 1553 4487 extrinse-

270 4541 330 4575 cus
348 4527 464 4577 inveniri
482 4528 517 4579 ci.
537 4542 562 4579 v.
581 4525 615 4579 27
635 4542 718 4592 eoquo
737 4526 805 4577 nihil
824 4532 965 4591 practerea
983 4527 1148 4577 extrinsecus
1167 4531 1208 4576 est
1231 4525 1363 4589 relictum,
1389 4520 1442 4574 οὐδὲ
1460 4521 1561 4591 inlapse

270 4609 360 4675 ἔξωθεν
377 4612 506 4667 ὑπολιπών.
525 4616 565 4666 Ad
585 4617 728 4667 formulam
749 4623 806 4680 „est
824 4615 955 4666 inveniri‘·
977 4630 1001 4667 v.
1022 4615 1152 4679 Wdlsflin,
1175 4613 1283 4665 Archiv.
1303 4611 1320 4665 9
1338 4612 1438 4682 (1896),
1456 4610 1516 4666 492.

378 4704 399 4773 δ)
417 4722 443 4770 p.
462 4703 505 4768 69,
528 4703 639 4756 15-20.
713 4702 820 4772 'l'Iim
840 4703 875 4757 32
895 4705 923 4768 G,
943 4706 977 4755 ci.
997 4704 1057 4756 Alb.
1078 4721 1102 4769 p.
1122 4702 1165 4767 23,
1185 4699 1219 4754 19
1238 4718 1276 4768 sq.
