3608 5460
263 426 305 490 28
753 455 936 496 ranchinus
955 451 1043 496 srsro
1468 445 1543 517 [156]

263 640 352 726 sequi
384 639 496 707 debuit
525 642 773 709 Goldbacherus
805 666 909 731 neque
941 666 1051 709 crassa
1080 645 1230 709 Minerva
1258 643 1356 707 aliam
1380 643 1544 709 medelam

263 768 428 831 quaerere.
462 749 599 834 Optimis
622 772 760 836 regnum
784 749 896 816 deberi
919 750 1064 815 Platonis
1095 762 1144 815 θεῖ
1174 752 1334 815 sententia
1346 754 1368 829 l)
1392 772 1468 815 mox
1500 750 1544 815 ab

263 852 401 939 Apuleio
424 857 609 942 repetenda.

368 962 408 1025 In
432 961 610 1028 honoribus
633 963 867 1030 distribuendis
891 965 943 1029 vir
965 964 1117 1052 politicus
1141 965 1276 1029 maximi
1300 974 1349 1028 est
1377 964 1544 1049 momenti,

263 1065 304 1129 ad
327 1091 423 1155 quem
447 1071 561 1156 capitis
585 1071 653 1137 VII
676 1071 791 1137 ultima
814 1072 974 1137 sententia
988 1073 1136 1159 pertiuet,
1159 1093 1236 1136 cum
1251 1071 1412 1136 editorum
1435 1073 1544 1157 capite

262 1172 348 1238 VIII
371 1177 552 1243 arctissime
583 1178 767 1244 cohaerens.
798 1179 947 1246 Sufficiat
978 1200 1079 1243 unum
1111 1177 1299 1264 exemplum
1330 1201 1389 1266 pro
1419 1177 1544 1261 multis,

263 1279 380 1365 quibus
412 1283 625 1349 demonstrari
656 1296 769 1373 potest,
799 1309 897 1373 quam
927 1309 1013 1352 vana
1044 1286 1085 1350 sit
1109 1308 1156 1369 ea,
1180 1308 1262 1372 quae
1285 1286 1319 1350 in
1344 1284 1543 1350 editionibus

261 1383 389 1472 legitur,
414 1391 555 1476 capitum
579 1392 771 1459 distributio.
794 1393 860 1458 Hic
883 1404 933 1458 est
947 1394 1035 1458 euim
1057 1394 1092 1456 in
1115 1393 1177 1457 hac
1192 1403 1283 1478 parte
1306 1393 1543 1456 sententiarum

263 1514 380 1559 nexus:
410 1498 539 1562 Iustitia
562 1499 727 1587 efflagitat,
751 1511 787 1565 ut
809 1501 922 1586 optimi
945 1521 1047 1586 regna
1069 1510 1208 1564 teneant.
1247 1499 1312 1579 Qui
1335 1499 1380 1564 ita
1403 1498 1544 1562 honores

263 1598 436 1690 distribuit,
460 1606 610 1672 omnibus
631 1607 771 1694 prodest.
804 1609 846 1672 Εῖ
876 1607 974 1672 facile
1004 1607 1039 1669 id
1061 1607 1194 1691 obtinet,
1218 1607 1246 1670 si
1270 1605 1311 1670 ad
1336 1605 1484 1669 divinum
1508 1616 1543 1670 et

262 1707 401 1775 caeleste
425 1714 592 1800 exemplar
614 1716 747 1802 respicit
757 1716 790 1802 ²).
814 1716 858 1779 At
880 1716 937 1802 qui
953 1713 1120 1802 exemplar
1142 1714 1315 1800 indignum
1339 1723 1435 1800 atque
1457 1713 1543 1777 inte·

262 1814 378 1882 stabile
389 1829 464 1885 ante
475 1821 585 1886 oculos
601 1821 707 1905 habet,
723 1825 884 1909 pessimus
900 1832 949 1887 est
964 1821 1124 1907 politicus
1145 1861 1183 1869 -
1200 1821 1293 1886 Patet
1308 1819 1425 1907 Apulei
1437 1819 1543 1884 verba

262 1944 340 1988 sana
364 1949 434 1991 θεεθ
456 1928 610 2016 nulloque
633 1929 751 1994 mendo
775 1929 932 1994 laborare.
960 1929 1044 1993 Nam
1067 1929 1165 1994 etiam
1189 1928 1399 1993 constructio:
1426 1949 1540 2013 ,aver-

262 2051 318 2094 sus
341 2054 360 2095 a
382 2045 472 2099 recta
496 2035 630 2100 vivendi
653 2036 778 2102 ratione
793 2036 966 2103 facultates
983 2036 1077 2101 suas“
1096 2035 1229 2101 tolerari
1244 2046 1356 2123 potest.
1381 2034 1445 2100 Res
1462 2055 1543 2099 sane

262 2135 380 2203 clarior
403 2153 496 2227 esset,
520 2143 547 2206 si
571 2165 628 2230 pro
651 2144 819 2209 indefinito
843 2143 983 2230 quodam
1011 2143 1160 2231 exemplo
1184 2142 1343 2228 Apuleius
1373 2142 1542 2207 civitatem

260 2246 429 2329 posuisset.
453 2249 517 2317 Sed
541 2261 572 2314 et
594 2252 639 2316 ita
664 2251 805 2316 civitatis
829 2251 1013 2338 exemplum
1031 2250 1293 2315 subaudiendum
1308 2260 1365 2314 est.
1388 2250 1458 2314 Iam
1483 2270 1542 2312 ex-

262 2363 437 2441 pectamus,
468 2367 503 2421 ut
534 2355 574 2421 de
604 2357 688 2422 bono
719 2369 750 2423 et
781 2356 866 2423 malo
897 2360 968 2422 viro
1000 2358 1091 2423 civili
1114 2356 1208 2444 plura
1236 2366 1416 2421 narrentur.
1440 2357 1482 2420 Et
1504 2377 1542 2421 re

263 2480 342 2523 vera
365 2460 445 2527 haec
469 2465 578 2528 statim
602 2466 643 2530 ab
667 2465 806 2551 Apuleio
829 2490 871 2531 ex
895 2464 1018 2550 Gorgia
1034 2464 1267 2530 exscribuntur
1282 2464 1336 2548 ita,
1359 2473 1394 2527 ut
1410 2484 1467 2550 pro
1483 2485 1541 2548 po·

261 2563 359 2650 litiae,
383 2592 479 2656 quem
503 2571 733 2658 desideramus,
757 2572 866 2637 rhetor
888 2582 1035 2659 ponatur.
1063 2571 1256 2637 Rhetoricae
1280 2570 1410 2659 quidem
1435 2570 1541 2634 iustae

262 2669 406 2740 definitio
430 2701 471 2743 ex
493 2680 591 2743 totius
615 2679 757 2765 Gorgiae
781 2679 1059 2765 argumentatione
1082 2678 1210 2765 prodiit,
1234 2680 1373 2742 iniustae
1388 2698 1467 2742 vero
1483 2675 1541 2740 de·

262 2781 394 2867 scriptio
417 2786 535 2872 pendet
558 2809 600 2851 ex
615 2786 679 2852 his:
703 2793 785 2852 καλῶ
810 2780 835 2851 δ’
858 2792 948 2851 αὐτοῦ
965 2788 1025 2874 ἐγὼ
1039 2789 1075 2851 το
1092 2787 1248 2874 κεφάλαιον
1272 2787 1426 2849 κολακείαν
1435 2787 1466 2866 5).
1486 2787 1541 2847 οὐκ

262 2893 324 2950 ἐστι
346 2890 449 2978 τέχνη,
471 2893 537 2956 ἀλλ’
566 2896 696 2982 ἐμπειρία
719 2897 768 2958 καὶ
783 2893 909 2982 ‘fetidi
933 2895 1117 2983 ῥητορικὴ...
1143 2897 1261 2967 πειθοῦς
1283 2884 1455 2980 δημιουργὸς
1477 2897 1541 2958 ἐστι

262 3003 481 3086 πιοτευτικῆςί)
504 3000 568 3066 Sed
593 3000 700 3088 ἄλογος
729 3001 812 3088 τριβὴ
844 3023 1004 3087 nusquam
1028 3022 1048 3063 a
1071 2999 1205 3063 Platone
1228 2999 1389 3063 rhetorica
1413 3020 1540 3064 nuncu-

264 3113 340 3187 pata
351 3115 408 3167 est.
432 3106 472 3169 In
485 3105 633 3170 Phaedro
644 3111 667 3188 ⁵)
681 3109 768 3171 enim
791 3107 873 3172 haec
892 3107 933 3171 de
956 3129 993 3171 ea
1008 3105 1177 3192 leguntur:
1201 3111 1254 3169 οὐκ
1270 3113 1332 3170 ἐστι
1346 3114 1449 3194 τέχνη,
1471 3107 1540 3169 ἀλλ’

263 3208 432 3298 ἄτεχνος
473 3212 606 3302 epiph,
650 3216 683 3278 in
714 3213 838 3300 Gorgia
871 3225 991 3278 autem:
1026 3214 1184 3301 ἀλ·ὀγως
1214 3237 1249 3277 τε
1280 3213 1471 3298 παντάπασιν,
1501 3220 1540 3286 ὡς

263 3323 330 3392 ἔπος
352 3326 448 3404 εἰπεῖν,
471 3320 552 3384 οὐδὲν
575 3313 838 3410 διαριθμησαμὲνη,
862 3321 975 3410 τριβὴ
999 3323 1048 3384 aad
1072 3323 1210 3409 ἐμπειρία.
1239 3322 1366 3385 Horum
1393 3320 1539 3386 locorum

263 3427 533 3492 contaminatione
557 3428 672 3492 effecta
695 3429 801 3492 estin
824 3428 942 3514 Apulei
958 3428 1085 3495 Graeco
1101 3427 1293 3513 exemplari:
1318 3428 1423 3515 ἄλογος
1446 3426 1538 3516 τριβή·

262 3530 370 3595 Etiam
394 3556 476 3619 quae
499 3557 576 3599 mox
599 3558 640 3599 ex
665 3535 797 3599 Platone
814 3535 966 3599 laudatur
990 3534 1054 3600 alia
1077 3535 1258 3600 rhetoricae
1282 3534 1441 3600 definitio:
1465 3555 1538 3598 eam

263 3659 333 3703 esse
356 3631 474 3728 δύναμιν
497 3653 550 3704 τοῦ
565 3645 677 3706 πείθειν
700 3642 767 3706 ἄνευ
789 3653 842 3706 τοῦ
873 3633 1019 3707 διδάσκειν
1049 3665 1115 3707 non
1138 3641 1284 3706 Platonis
1308 3653 1365 3726 est,
1389 3642 1446 3706 sed
1469 3665 1539 3705 ma-

262 3745 356 3828 gistri
379 3747 540 3813 Platonici
564 3748 644 3813 haec
667 3748 810 3814 Platonis
834 3750 1038 3837 respicientis
1050 3753 1086 3837 7);
1111 3749 1218 3839 ῥήτορι.
1245 3754 1347 3813 οὐκοῦν
1375 3751 1439 3836 περὶ
1465 3750 1538 3813 πάν-

262 3876 331 3932 των,
356 3854 426 3919 ὥστ’
450 3859 479 3919 ὲν
502 3857 585 3944 ὄχλῳ
609 3858 733 3920 aldruda
757 3854 835 3941 εἶναι,
859 3863 892 3920 οὐ
912 3848 1088 3921 διδάσκοντα
1111 3858 1190 3920 ἀλλὰ
1206 3860 1357 3921 πείθοντα.
1383 3857 1425 3920 Et
1447 3855 1539 3920 nullo

262 3968 372 4025 tenore
397 3965 543 4028 restituto
567 3963 716 4048 adiungit
739 3963 836 4028 aliam
860 3963 1081 4029 definitionem
1107 3962 1470 4048 ,civili<ta>tis
1487 3985 1539 4026 ar-

262 4065 354 4130 ticuli
377 4091 447 4135 esse
472 4068 651 4134 umbram“.
675 4068 772 4150 Quod
796 4093 854 4156 pro
878 4069 1027 4135 codicum
1061 4069 1208 4155 ,civilis“
1234 4071 1354 4158 optime
1380 4069 1540 4155 ,civilita-

261 4173 322 4237 tis“
357 4198 397 4240 ex
428 4178 601 4241 Ammiano
611 4178 636 4262 8)
669 4178 811 4242 restituit
842 4175 997 4262 Krollins,
1028 4176 1154 4269 docent,
1185 4201 1266 4263 quae
1290 4200 1366 4242 mox
1391 4176 1539 4262 adiungit

262 4280 432 4367 Apuleius:
459 4283 670 4368 ,civilitatem
693 4287 869 4373 (πολιτικήν)
891 4284 937 4347 ita
960 4283 1031 4347 vult
1055 4306 1074 4347 a
1096 4284 1188 4348 nobis
1212 4284 1357 4370 intellegi
1374 4286 1454 4349 cct“.
1479 4285 1539 4348 Po-

265 4468 528 4483 ᾕ-

252 4596 256 4602 .
370 4553 390 4620 1)
407 4570 446 4618 rp.
466 4553 578 4605 111413
603 4557 699 4620 Esqq.
793 4553 869 4622 ²)rp.
889 4556 927 4605 Vl
946 4554 999 4607 5¹10
1028 4557 1050 4604 E
1075 4559 1109 4623 τῷ
1133 4552 1194 4622 θείῳ
1219 4553 1388 4624 παραδείγματι
1411 4551 1529 4623 χρώμενοι

263 4637 283 4706 ’)
302 4642 381 4709 Gorg.
400 4641 453 4696 463
472 4645 500 4696 B.
591 4643 613 4712 ⁴)
631 4644 665 4696 ib.
679 4642 732 4696 454
744 4646 774 4695 E.
848 4641 866 4704 ὗ)
886 4641 939 4695 260
958 4646 987 4695 E.
1061 4642 1081 4710 Θ)
1100 4643 1152 4697 501
1172 4648 1202 4696 Α.
1295 4642 1314 4710 7)
1337 4646 1417 4711 Gorg.
1436 4641 1489 4696 458
1507 4645 1538 4697 E.

262 4727 433 4796 hwa&
1501 4765 1504 4770 -
