3608 5460
260 461 303 525 22
752 481 935 522 responsus
956 480 1044 522 srmro
1468 470 1540 544 [tto]

260 695 333 737 rum
357 672 609 759 descriptionem
632 670 773 736 Albinus
797 671 837 736 ab
863 671 990 735 animae
1022 670 1137 758 incipit
1159 672 1320 758 tripertita
1349 673 1541 738 condicione

261 790 292 845 et
316 778 519 864 singularum
547 780 688 865 partium
719 777 894 844 concordia
925 777 978 842 vel
1009 778 1253 864 perturbatione
1281 778 1496 845 describenda
1507 782 1541 864 ¹).

259 886 341 953 Eius
365 886 466 952 verba
497 886 655 974 Apuleius
686 884 843 950 imitando
874 885 1036 972 exprimit,
1069 885 1127 951 sed
1157 909 1234 951 mox
1258 885 1459 951 Platonicam
1483 888 1533 951 ad

260 993 366 1078 iungit
390 994 492 1058 morbi
517 994 645 1058 animae
670 992 889 1057 definitionem
901 994 923 1074 ²)
948 1004 979 1056 et
1002 991 1130 1056 duobus
1154 993 1223 1059 eius
1254 993 1429 1078 generibus
1453 1016 1540 1059 corn-

259 1101 455 1184 memoratis,
486 1099 612 1165 scilicet
634 1100 797 1186 imperitia
828 1110 924 1186 atque
947 1100 1083 1183 insania,
1114 1101 1295 1187 imperitiae
1320 1100 1541 1167 definitionem

259 1208 328 1294 ipse
351 1207 455 1292 fingit,
478 1208 623 1272 insaniae
646 1208 858 1294 proprietates
882 1230 923 1272 ex
946 1208 993 1272 eis
1017 1208 1144 1292 conflat,
1175 1230 1257 1293 quae
1288 1207 1380 1272 Plato
1411 1208 1452 1273 de
1484 1231 1541 1274 cu-

260 1314 371 1400 pidine
395 1336 534 1379 venerea
556 1315 745 1396 narravit3).
771 1313 897 1379 Platoni
921 1315 1018 1378 etiam
1051 1314 1231 1379 doctrinam
1264 1314 1369 1399 debet,
1399 1339 1462 1401 qua
1489 1317 1542 1378 in-

261 1422 352 1485 sania
376 1423 519 1508 corporis
542 1420 696 1507 qualitate
720 1423 836 1486 vitiosa
859 1421 947 1486 effici
970 1421 1133 1505 dicitur4),
1157 1422 1279 1486 sanitas
1303 1444 1381 1486 vero
1405 1424 1440 1485 in
1464 1445 1541 1487 con-

260 1528 429 1592 cordantia
452 1528 592 1615 quadam
616 1529 759 1614 corporis
783 1538 814 1591 et
837 1529 934 1591 animi
961 1539 1109 1593 constare
1120 1529 1152 1613 ⁵).

367 1635 437 1699 Iam
462 1658 503 1700 ex
526 1635 576 1699 his
599 1634 693 1700 vides
715 1634 853 1721 Apuleio
876 1634 965 1699 idem
989 1634 1176 1700 Platonicae
1198 1636 1364 1700 doctrinae
1388 1658 1541 1722 compen—

262 1740 351 1804 dium
375 1743 409 1805 in
433 1742 586 1806 manibus
609 1741 720 1823 fuisse,
744 1739 830 1827 quod
853 1741 894 1805 ab
918 1741 1038 1806 Albino
1061 1743 1095 1805 in
1118 1741 1254 1807 brevem
1278 1765 1439 1806 summam
1463 1765 1540 1806 con-

260 1858 401 1937 tractum
425 1860 481 1913 est.
504 1848 677 1934 Nonnulla,
700 1872 783 1935 quae
807 1848 894 1935 apud
918 1847 1074 1913 Albinum
1091 1849 1207 1932 desint,
1223 1854 1255 1911 in
1271 1848 1405 1936 Apuleio
1428 1848 1540 1933 legan-

259 1966 314 2019 tur
349 1977 422 2019 oum
456 1955 591 2021 Platone
626 1956 819 2031 communia,
855 1955 905 2018 illi
936 1955 1136 2041 compendia,
1166 1956 1251 2042 quod
1283 1955 1385 2020 multo
1408 1955 1541 2020 uberius

260 2061 368 2147 fuerit,
392 2086 488 2148 quam
519 2062 633 2129 Albini
663 2061 803 2147 libellus,
832 2062 952 2128 deberi.
984 2062 1048 2128 Sed
1072 2063 1169 2127 etiam
1191 2063 1337 2127 Platonis
1361 2064 1540 2147 Timaeum,

259 2168 398 2234 fortasse
422 2171 519 2234 etiam
543 2170 800 2256 Rempublioam,
822 2171 938 2255 Leges,
961 2171 1168 2255 Conuiuium,
1192 2169 1364 2234 Politicum
1380 2171 1421 2235 ab
1438 2193 1474 2234 eo
1489 2171 1540 2234 in-

260 2286 370 2363 specta
394 2299 464 2340 esse
496 2277 608 2342 videri.
641 2277 736 2343 Certe
767 2278 935 2342 Timaeum
968 2279 1096 2363 saepius
1126 2278 1171 2340 ita
1194 2276 1376 2341 adhibitum
1403 2300 1481 2362 esse,
1506 2288 1542 2341 ut

261 2382 363 2447 verba
386 2385 456 2448 eius
479 2383 596 2448 Latine
626 2383 849 2467 redderentur,
880 2406 1076 2471 quamquam
1101 2385 1260 2448 sententia
1283 2386 1347 2448 iam
1372 2395 1468 2449 antea
1490 2408 1540 2448 se-

260 2490 406 2555 cundum
430 2491 541 2555 Albini
568 2491 735 2578 exemplar
758 2513 913 2577 expressa
936 2500 1029 2555 esset.
1061 2491 1152 2570 Quae
1175 2492 1370 2575 iterationes,
1394 2514 1456 2556 nec
1479 2492 1540 2554 mi-

258 2620 321 2661 nus
345 2599 447 2663 multa
469 2621 638 2685 perperam
661 2597 827 2662 intellecta
849 2621 875 2662 e.
892 2620 939 2683 gr.
955 2598 1050 2662 binae
1067 2598 1262 2683 cognitionis
1280 2599 1431 2682 rationes,
1454 2621 1540 2661 mor-

260 2704 374 2768 borum
400 2728 524 2791 causae,
547 2729 588 2770 ne
619 2705 683 2770 alia
707 2705 865 2790 dieamus,
896 2703 992 2791 plane
1021 2704 1244 2769 demonstrant
1268 2704 1413 2769 Platonis
1436 2703 1541 2789 philo·

261 2812 408 2898 sophiam
432 2812 472 2877 ab
496 2813 635 2899 Apuleio
658 2813 793 2878 minime
816 2811 1016 2876 intellectam
1039 2834 1119 2876 esse.
1144 2813 1226 2876 Nam
1244 2813 1300 2898 qui
1316 2835 1335 2874 a
1350 2811 1539 2876 Professore

259 2919 484 3009 Kawczyrislri
497 2919 649 2985 laudatur
661 2919 693 3004 (l.
709 2919 730 2983 l.
744 2943 772 3005 p.
781 2921 815 3005 2)
827 2921 967 3005 optimus
980 2918 1174 3005 placitorum
1186 2918 1331 2983 delectus
1343 2940 1409 2982 non
1422 2918 1539 3004 Apulei

261 3036 318 3111 est,
341 3027 440 3091 immo
464 3027 660 3115 exemplaris
684 3026 813 3092 Graeci.

367 3133 480 3198 Albini
504 3133 635 3199 libellus
668 3135 695 3198 si
726 3134 768 3198 ad
791 3143 903 3197 nostra
926 3155 991 3196 non
1014 3133 1217 3218 pervenisset
1244 3143 1398 3219 tempora,
1422 3132 1540 3196 nihilo—

260 3241 368 3305 minus
392 3251 491 3305 totam
515 3243 583 3306 fere
606 3239 842 3328 philosophiam
866 3237 1049 3303 naturalem
1071 3237 1190 3325 Apulei
1206 3263 1223 3304 e
1239 3240 1371 3302 Timaeo
1395 3239 1540 3303 Platonis

260 3347 424 3435 explicare
447 3371 623 3434 possemus.
647 3347 751 3412 Aliter
774 3349 808 3411 in
839 3346 1041 3433 philosophia
1072 3346 1189 3410 morali
1211 3346 1406 3410 illustranda
1429 3368 1481 3410 res
1505 3371 1540 3411 se

260 3454 366 3520 habet.
412 3456 452 3519 In
483 3456 545 3519 hac
569 3457 656 3519 enirn
680 3464 770 3542 parte
798 3476 873 3518 cum
897 3452 992 3539 plura
1016 3451 1159 3518 Platonis
1182 3476 1280 3539 opera
1303 3452 1540 3539 quodammodo

260 3574 415 3649 excerpta
439 3573 470 3628 et
494 3564 719 3628 consarcinata
743 3562 809 3626 sint
831 3584 897 3625 non
919 3561 1034 3649 paucis
1061 3584 1103 3624 ex
1126 3560 1242 3625 alienis
1265 3559 1404 3624 hortulis
1428 3561 1541 3626 decer-

261 3670 325 3754 ptis
349 3681 381 3735 et
404 3670 468 3734 huc
490 3670 598 3754 illatis,
622 3669 745 3734 diversi
769 3669 875 3734 fontes
899 3667 991 3732 nulla
1013 3670 1137 3733 ratione
1165 3669 1250 3732 inter
1274 3691 1307 3731 se
1331 3667 1540 3731 cohaerentes

261 3797 334 3840 cum
364 3778 406 3841 H.
437 3777 575 3842 Kleistio
606 3777 747 3842 adeundi
778 3776 872 3841 nobis
902 3786 1010 3841 essent
1042 3786 1072 3839 et
1102 3775 1233 3859 ignotus
1264 3774 1395 3860 quidam
1428 3785 1541 3838 auctor

260 3882 442 3968 fingendae,
476 3908 572 3970 quem
602 3908 662 3948 nos
694 3884 826 3970 quidem
859 3906 900 3948 ex
930 3882 1052 3946 Albino
1086 3882 1247 3946 novimus.
1295 3881 1359 3962 Qui
1392 3881 1540 3946 doctrina

261 3989 303 4054 de
333 3991 442 4056 anima
453 3992 477 4078 6)
509 4003 540 4056 et
571 3991 674 4057 libero
704 3991 839 4056 arbitrio
849 3995 873 4077 l)
905 3989 1061 4073 absoluta,
1096 4010 1179 4074 quae
1210 3988 1339 4053 Platoni
1372 3988 1411 4053 de
1443 3989 1541 4053 mori-

260 4099 321 4163 bus
344 4097 527 4184 placuerint
548 4099 692 4165 breviter
714 4097 904 4186 perstringit
927 4096 981 4178 ita,
1012 4108 1047 4159 ut
1069 4095 1268 4160 abonorum
1296 4096 1540 4161 enumeratione

260 4204 390 4268 initium
413 4207 528 4292 capiat,
562 4218 594 4271 et
617 4206 797 4272 secundum
822 4205 930 4270 varios
955 4202 1099 4289 dialogos
1122 4203 1231 4267 varias
1254 4213 1411 4289 proponat
1440 4201 1540 4266 hono-

260 4333 335 4376 rum
359 4311 536 4378 divisiones
546 4318 578 4396 ⁸).
613 4313 722 4394 Quam
745 4334 815 4376 rem
837 4310 997 4399 Apuleius
1020 4310 1118 4374 nimis
1142 4309 1276 4375 confuse
1299 4319 1416 4374 tractat
1447 4307 1539 4372 nulla

260 4420 316 4484 via
349 4442 409 4484 nec
444 4422 566 4485 ratione
597 4420 768 4485 observata
777 4423 810 4498 ⁹).
849 4419 891 4483 Et
925 4418 1066 4504 primum
1102 4418 1232 4503 quidem
1268 4416 1400 4480 moralis
1435 4415 1539 4503 philo-

369 4669 389 4738 1)
408 4688 430 4722 0.
450 4669 492 4723 at.
583 4669 792 4736 urracae.
885 4668 1031 4735 8traco.
1122 4666 1248 4734 utun
1334 4664 1355 4730 ὁ)
1373 4667 1408 4716 u.
1428 4665 1463 4718 87
1484 4667 1540 4717 nn.

262 4756 474 4824 ‘baffi—25.
549 4759 567 4828 ⁷)
587 4777 610 4812 c.
630 4759 673 4812 26.
746 4758 870 4826 8)ο.27.
948 4753 1272 4828 ⁹)p.80,1t-82‚5.
