3608 5460
260 1500 345 1602 De
363 1497 569 1629 Apulei
592 1504 654 1601 et
672 1494 863 1601 Albini
884 1497 1184 1603 doctrinae
1199 1498 1540 1605 Platonicae

674 1654 1131 1763 adumbratione.

840 1864 961 1916 scripsit

642 1970 951 2054 'thaddaeus
983 1973 1156 2054 Sinko.

367 2294 527 2375 Quintum
556 2298 622 2360 iam
653 2296 723 2362 fere
752 2295 1005 2382 praeterlabitur
1035 2296 1186 2382 lustrum,
1217 2318 1260 2361 ex
1290 2319 1353 2383 qno
1376 2297 1417 2383 (a.
1444 2297 1541 2378 1879)

260 2401 521 2468 Frendenthalus
547 2405 642 2468 tertio
673 2402 831 2468 fasciculo
862 2402 1043 2467 studiorum
1075 2403 1117 2467 ad
1146 2402 1272 2468 litteras
1299 2402 1541 2468 Alexandrinas

260 2511 526 2596 pertinentium1)
556 2533 637 2596 eam,
671 2532 754 2597 quae
785 2510 847 2574 sub
877 2508 1008 2574 Alcinoi
1040 2509 1211 2574 cuiusdam
1245 2521 1341 2574 antea
1374 2509 1542 2575 ferebatur

260 2615 400 2701 nomine,
421 2615 618 2703 placitorum
648 2616 794 2681 Platonis
829 2617 1065 2702 expositionem
1101 2616 1213 2704 (Λόγος
1247 2609 1451 2690 διδασκαλικὸς
1481 2629 1540 2681 τῶν

261 2721 425 2796 Πλάτωνος
453 2714 627 2810 δογμάτων)
657 2723 777 2788 Albino
800 2721 982 2787 vindicavit
995 2725 1028 2808 2),
1059 2722 1251 2810 philosopho
1284 2723 1460 2809 Platonicq
1483 2725 1542 2791 Gai

261 2831 411 2894 sectatori
421 2833 454 2914 ³),
478 2852 575 2916 quem
591 2853 618 2894 a.
637 2832 701 2895 152
717 2852 747 2915 p.
771 2829 846 2896 (ihr.
869 2852 900 2893 n.
917 2829 1078 2919 Smyrnae
1096 2829 1243 2896 Galenus
1267 2829 1421 2896 audiebat
1429 2835 1462 2910 4).
1487 2830 1543 2897 Sic

259 2948 429 3025 postquam
453 2937 601 3023 opusculi
632 2947 721 3002 aetas
753 2935 887 3001 definita
917 2946 974 3012 est
1005 2936 1087 3000 nihil
1110 2935 1242 3002 facilius
1265 2959 1336 3002 esse
1358 2937 1542 3020 videbatur,

260 3067 357 3131 qnam
387 3055 424 3109 ut
453 3043 536 3109 illud
567 3066 643 3110 cum
674 3043 758 3108 alius
788 3043 972 3130 philosophi
1003 3043 1164 3109 Platonici
1195 3043 1405 3131 eiusdemque
1427 3044 1541 3109 Albini

260 3153 426 3216 coaetanei
457 3151 577 3238 libello,
609 3152 665 3239 qui
697 3150 736 3216 de
767 3150 881 3216 eadem
913 3161 961 3215 est
984 3173 1033 3237 re,
1056 3161 1307 3238 compararetur.
1332 3149 1396 3217 Sed
1419 3151 1542 3234 frustra

260 3258 347 3345 apud
377 3251 655 3324 Frendenthalum
685 3258 805 3346 Apulei
835 3280 970 3345 quaeres
1001 3259 1208 3343 mentionem,
1241 3260 1335 3322 cuius
1366 3257 1542 3346 disputatio

261 3365 301 3430 de
323 3365 458 3430 Platone
481 3379 513 3431 et
536 3367 606 3431 eius
630 3366 782 3452 dogmate
804 3365 919 3430 Albini
935 3366 1135 3453 sospitatoris
1159 3367 1263 3429 aciem
1288 3364 1383 3450 fugit,
1408 3364 1463 3430 vel
1478 3363 1543 3428 sal·

259 3484 326 3538 tem
359 3496 377 3537 c
411 3474 568 3538 memoria
595 3474 666 3537 eins
697 3473 846 3538 excessit.
877 3473 951 3538 Hoc
974 3471 1106 3560 quidem
1136 3473 1288 3537 excusari
1318 3481 1433 3559 potest,
1455 3470 1543 3558 quod

260 3579 454 3665 Prantelius‚
484 3602 558 3644 cum
590 3578 666 3643 falsi
696 3578 826 3643 Alcinoi
857 3591 961 3644 aetate
983 3579 1129 3643 nondum
1154 3581 1292 3664 cognita,
1315 3601 1398 3664 quae
1420 3577 1543 3664 logico-

260 3710 333 3752 rum
356 3687 442 3774 apud
467 3686 696 3753 Occidentales
720 3696 828 3750 essent
850 3685 927 3771 fata,
950 3699 1125 3770 enarraret,
1156 3687 1245 3750 etin
1268 3685 1541 3750 introductionem

259 3795 351 3859 illam
374 3788 410 3859 in
431 3794 670 3881 philosophiam
697 3792 843 3858 Platonis
873 3794 1036 3878 sagaciter
1065 3793 1287 3880 inquirerem),
1318 3791 1443 3857 nullam
1471 3793 1542 3858 eius

368 4012 388 4078 1)
408 4011 617 4062 Hellenistische
644 4010 764 4070 Studien,
792 4009 859 4059 Heit
881 4007 907 4070 3,
931 4009 979 4058 der
1002 4008 1160 4058 Platonilrer
1184 4007 1297 4057 Albinos
1321 4024 1347 4059 u.
1373 4009 1420 4059 der
1438 4008 1542 4058 falsche

260 4099 396 4165 Alkimos,
416 4100 515 4164 Berlin,
535 4099 659 4164 Calvam,
680 4096 757 4151 1879.

368 4187 388 4257 ⁹)
407 4191 437 4241 L.
458 4189 474 4241 l.
493 4205 519 4253 p.
539 4187 592 4238 297
611 4204 668 4254 sqq.

368 4274 388 4343 8)
407 4280 437 4330 L.
462 4277 480 4328 l.
508 4295 531 4342 p.
557 4275 617 4329 245.
644 4278 771 4327 Servatus
796 4283 837 4326 est
861 4277 890 4325 in
914 4275 1003 4326 indice
1028 4274 1228 4325 Platonicorum
1254 4275 1283 4323 in
1301 4274 1406 4325 Alcinoi
1425 4274 1542 4324 editione

261 4366 406 4418 Oxoniensi
424 4368 459 4431 (a.
481 4365 550 4420 1667
570 4385 594 4432 p.
614 4365 649 4419 98
668 4368 717 4432 sq.)
735 4365 837 4431 publici
848 4366 914 4416 iuris
926 4366 1007 4429 iacto,
1021 4364 1065 4415 hic
1084 4364 1187 4415 titulus:
1207 4359 1318 4430 Ἀλβίνου
1330 4363 1377 4412 τῶν
1394 4354 1466 4412 Γαΐου
1480 4379 1541 4430 σχο-

259 4452 309 4503 λῶν
327 4452 502 4505 incentricem
520 4453 679 4506 Πλατωνικῶν
699 4453 827 4523 δογμάτων
845 4451 922 4521 βίβλοι
941 4470 956 4505 ι,

367 4543 389 4610 4)
407 4545 501 4596 Galen.
521 4546 554 4595 de
573 4561 660 4610 propr.
680 4545 742 4596 libr.
761 4543 804 4603 19,
819 4543 861 4596 16,
884 4545 971 4593 lithn.

368 4631 389 4702 ⁶)
407 4633 470 4684 Oarl
487 4635 589 4700 Prantl
608 4634 769 4686 Geschichte
788 4632 836 4684 der
849 4633 937 4699 Logik
954 4633 991 4682 im
1005 4631 1189 4696 Abendlands‚
1208 4631 1328 4697 Leipzig,
1348 4628 1449 4691 Himel,
1462 4626 1540 4692 1855,

260 4725 273 4773 1
293 4741 317 4788 p.
337 4721 390 4775 610
409 4738 474 4788 sqq..

1524 4821 1539 4873 1
