3608 5460
184 474 256 546 [149]
323 481 364 521 DE
378 482 489 522 aruum
504 482 543 521 Er
559 481 660 520 ALBINI
676 480 848 521 DOCTRINAE
863 480 1051 521 Pnaromcan
1066 480 1325 521 ADUMBRA'I'IONAE
1419 458 1460 521 21

183 670 337 758 plicanda
359 669 463 734 multa
486 669 612 734 laborat
635 669 841 734 obscuritate.
864 668 958 734 Plato
981 669 1069 733 enim
1084 670 1200 734 urinae
1222 670 1278 734 via
1301 669 1463 758 descripta

184 776 296 842 eodem
327 777 474 841 foramen
505 775 669 863 quoddam
700 775 831 841 decurri
862 774 949 860 dicit,
980 774 1065 862 quod
1088 797 1131 840 ex
1154 776 1259 863 capite
1283 777 1463 841 secundum

184 884 347 949 cervicem
378 894 410 947 et
442 905 500 970 per
523 883 650 970 spinam
682 892 885 969 compactam
908 904 1020 948 semen
1043 881 1151 968 ducat,
1175 882 1261 970 quod
1285 883 1464 969 generandi

185 989 362 1078 cupiditate
396 989 534 1054 effluens
569 1011 712 1055 amorem
747 988 896 1054 absolvat
907 990 938 1076 ¹).
970 989 1137 1076 Apuleius,
1170 1013 1245 1054 cum
1273 1012 1382 1055 semen
1406 1013 1464 1077 per

184 1097 345 1162 medullas
369 1120 483 1162 renum
509 1119 689 1162 commeare
714 1096 802 1181 dicit,
826 1095 999 1162 confundit
1021 1096 1107 1162 hanc
1122 1098 1211 1161 viam
1228 1119 1302 1162 cum
1327 1098 1382 1161 via
1398 1099 1463 1160 uri-

183 1227 254 1269 nae.
278 1204 384 1270 (lausa
407 1205 540 1269 seminis
564 1203 750 1269 eiaculandi
770 1204 804 1267 in
820 1203 872 1267 his
889 1204 1085 1268 continetur:
1111 1216 1162 1290 ,et
1177 1226 1309 1268 rursum
1325 1202 1459 1270 venale“

183 1310 238 1376 vel
271 1313 480 1396 ,venarum“,
509 1310 596 1398 quod
627 1310 775 1375 Krollius
807 1333 873 1375 non
905 1311 975 1374 sine
1004 1309 1231 1398 probabilitate
1255 1312 1289 1374 in
1315 1333 1463 1396 ,cursu

184 1419 403 1482 venarum“
430 1419 578 1503 mutavit,
601 1440 677 1482 cum
701 1440 805 1482 venae
828 1416 915 1504 apud
939 1417 1106 1482 Platonem
1131 1421 1229 1506 ἐκροῆς
1252 1409 1379 1505 ζωτικὴν
1402 1419 1416 1480 ὲ
1448 1456 1463 1465 -

183 1526 326 1612 dopiavll
349 1524 500 1589 habeant.
755 1525 760 1535 '

312 1633 416 1696 Maior
447 1642 496 1696 est
526 1631 647 1719 Apulei
680 1630 828 1696 confusio
859 1632 893 1695 in
925 1630 1112 1696 morborum
1144 1631 1252 1696 causis
1284 1629 1463 1717 explanan-

183 1740 242 1803 dis.
266 1740 306 1803 In
329 1739 392 1803 hac
415 1740 502 1804 enirn
525 1761 560 1802 re
583 1739 754 1803 tractanda
778 1737 869 1803 Plato
900 1739 1043 1825 primum
1066 1749 1219 1824 quattuor
1241 1737 1386 1824 respexit
1408 1760 1466 1823 ge-

183 1868 270 1931 nera,
295 1868 336 1910 ex
360 1846 478 1933 quibus
502 1868 618 1932 corpus
651 1855 777 1911 constat
812 1855 844 1910 et
866 1846 900 1909 in
924 1867 1036 1909 eorum
1060 1844 1301 1910 turbationibus
1324 1844 1464 1930 primam

183 1954 291 2039 posuit
313 1953 501 2017 morborum
524 1953 704 2037 causam³)3
727 1953 762 2015 in
786 1951 939 2016 secundis
963 1951 1260 2038 compositionibus,
1283 1972 1365 2037 quae
1389 1960 1465 2015 sunt

184 2059 357 2144 medullae,
380 2060 511 2144 ossium,
534 2060 651 2144 carnis,
674 2081 858 2143 nervorum,
882 2060 1060 2144 sanguinis,
1083 2057 1218 2123 aliorum
1236 2057 1371 2122 alteram
1387 2079 1465 2122 cau-

184 2189 253 2230 sam
277 2165 499 2253 cellocavit⁴);
522 2166 651 2230 tertiam
675 2187 753 2230 vero
777 2167 811 2229 in
835 2166 961 2251 spiritu,
985 2167 1101 2252 pituita
1117 2177 1149 2230 et
1173 2164 1230 2230 bili
1252 2165 1421 2251 conspexit
1431 2169 1464 2247 ⁵).

183 2274 246 2337 His
268 2273 449 2338 naturalem
473 2273 640 2360 praemisit
663 2294 795 2338 causam
820 2273 941 2357 mortis,
972 2282 1180 2356 senectutem,
1205 2274 1298 2337 cuius
1320 2270 1464 2336 indolem

183 2401 257 2444 cum
281 2379 447 2444 nutriendi
470 2381 594 2444 ratione
619 2381 799 2466 composuit
810 2383 842 2465 ⁶).
866 2381 908 2444 Et
931 2402 1001 2444 eam
1025 2379 1171 2445 Platonis
1192 2379 1232 2443 de
1249 2378 1370 2443 morbis
1386 2378 1465 2443 doc·

183 2488 304 2551 trinam
328 2486 480 2571 breviter,
505 2486 563 2552 sed
585 2486 726 2551 fideliter
749 2486 890 2551 Albinus
915 2486 1162 2574 comprehendit
1176 2490 1207 2568 ⁷).
1240 2489 1283 2551 At
1305 2485 1464 2572 Apuleius

183 2604 334 2681 quattuor
365 2592 422 2656 illa
453 2614 574 2677 genera
605 2595 707 2681 (γένη),
738 2594 920 2680 exquibus
951 2594 1044 2658 Plato
1069 2616 1185 2682 corpus
1210 2605 1357 2659 constare
1382 2592 1465 2656 dixit

183 2703 229 2765 ita
251 2702 481 2785 interpretatus
505 2708 562 2784 est,
586 2710 622 2764 ut
644 2701 707 2764 tria
723 2700 919 2786 morborum,
944 2711 979 2765 ut
993 2702 1039 2765 ita
1055 2701 1172 2781 dicam,
1196 2711 1374 2765 stramenta
1389 2700 1464 2765 Pla-

182 2809 291 2873 tonica
314 2817 379 2871 tres
407 2808 553 2893 corporis
583 2808 824 2894 nuncupaverit
854 2807 1053 2872 substantias
1083 2809 1272 2896 primaeque
1303 2807 1465 2872 elementa

182 2916 457 2999 adnumeraverit,
481 2914 572 2980 alteri
588 2917 724 3000 viscera,
748 2937 829 3000 ossa,
846 2936 1003 3000 cruorem,
1018 2917 1133 2981 tertiae
1150 2916 1292 3002 corporis
1308 2913 1463 2980 membra.

183 3023 226 3086 Et
249 3044 268 3086 a
291 3023 435 3087 secunda
458 3045 517 3086 sua
540 3021 722 3087 substantia
751 3023 880 3087 initium
904 3023 1037 3109 capiens
1058 3023 1199 3110 primum
1230 3021 1296 3086 huc
1318 3021 1464 3086 Platonis

184 3130 364 3194 doctrinam
395 3129 436 3193 de
467 3130 626 3215 sanguine
648 3129 767 3215 intulit,
798 3131 942 3216 corporis
965 3128 1066 3195 altore
1075 3130 1110 3217 ⁸),
1138 3141 1208 3194 tum
1231 3129 1464 3195 elementorum

185 3238 487 3300 commemoratione
511 3259 663 3324 oppressa
685 3237 934 3323 permixtionem
959 3259 1071 3302 eorum
1087 3239 1180 3302 exitii
1204 3259 1338 3303 causam
1358 3246 1464 3300 osten-

184 3341 240 3426 dit,
265 3342 404 3428 denique
427 3344 622 3407 narrationis
646 3355 756 3409 tenore
780 3343 902 3409 morbis
926 3345 1027 3408 animi
1043 3346 1233 3432 interrupte,
1256 3365 1406 3407 rursus
1421 3343 1465 3407 ad

183 3450 344 3512 nutritum
367 3449 506 3514 accessit
515 3453 539 3531 ⁹)
563 3460 595 3513 et
619 3449 754 3514 denuo
779 3451 930 3515 animalis
954 3452 1092 3516 exitium
1119 3451 1297 3538 descripsit.
1322 3451 1364 3514 Et
1388 3471 1464 3514 cnm

183 3555 286 3621 altero
308 3556 380 3620 loco
403 3555 503 3620 verba
536 3555 693 3621 nonnulla
727 3557 919 3645 exciderint,
950 3558 1049 3623 facile
1072 3582 1110 3624 ea
1133 3559 1263 3645 quidem
1296 3580 1338 3622 ex
1369 3578 1463 3643 supe-

183 3663 325 3728 rioribus
337 3667 374 3748 10)
399 3663 542 3751 suppleri
573 3673 708 3750 possunt
740 3665 793 3750 ita,
824 3677 860 3730 ut
890 3665 1030 3752 legatur:
1055 3688 1167 3731 verum
1193 3667 1361 3730 enimvero
1384 3675 1464 3728 tunc

183 3772 320 3836 exitium
344 3771 766 3857 co<m>po<sitione
789 3793 894 3836 eorum
917 3774 1069 3838 dissoluto
1091 3775 1223 3839 venit>
1248 3772 1392 3834 Locutus
1416 3780 1464 3834 est

183 3879 270 3941 enirn
294 3888 390 3942 antea
413 3878 453 3942 de
477 3877 613 3942 artubus
645 3900 683 3942 ac
713 3879 870 3943 membris
901 3878 989 3944 fame
1012 3880 1208 3960 extenuatis3
1232 3877 1362 3941 illorum
1386 3899 1464 3942 con-

184 3985 352 4049 cordantia
376 4007 432 4049 seu
457 3985 689 4070 compositione
713 3984 934 4050 valetudinem
959 3985 1055 4071 effici,
1079 3985 1291 4050 dissolutione
1314 3995 1461 4049 mortem.

184 4088 249 4155 Sed
272 4113 336 4155 non
369 4093 512 4178 corporis
543 4092 680 4156 exitium
712 4093 812 4177 venit,
841 4102 876 4157 ut
908 4092 1058 4180 supplent
1080 4092 1229 4171 editores,
1254 4113 1369 4155 verum
1393 4091 1464 4154 ani-

185 4195 287 4261 malis.

290 4305 367 4368 Post
398 4306 543 4392 corporis
575 4305 705 4369 morbos
735 4305 829 4370 Plato
852 4307 980 4370 animae
1009 4304 1138 4369 morbos
1162 4305 1361 4392 explicatu),
1385 4326 1464 4391 quo-

292 4574 312 4637 ι)
330 4574 397 4624 rim.
417 4572 450 4626 91
471 4575 525 4625 aa.
600 4572 620 4639 ²)
639 4573 675 4623 u.
695 4573 728 4624 91
749 4575 777 4626 a.
853 4571 1061 4642 primata
1136 4572 1156 4643 ⁴)
1176 4574 1210 4624 a).
1231 4573 1265 4625 aa
1285 4573 1328 4646 c.¹
1388 4569 1463 4637 aaa.

183 4659 270 4714 841).
352 4659 373 4726 6)
391 4662 426 4714 ib.
446 4661 480 4714 81
499 4665 531 4712 E.
626 4661 748 4731 ἢο.22.
840 4661 938 4730 ⁸)Tim
957 4663 1109 4729 81Asqq.
1202 4662 1221 4729 ⁹)
1242 4680 1266 4728 p.
1286 4661 1463 4727 Sub-13.

186 4748 216 4816 ¹⁰)
234 4768 260 4815 p,
280 4749 323 4816 79,
342 4749 367 4803 4.
441 4751 473 4816 ¹¹)
491 4753 558 4802 Tim.
577 4769 603 4816 p.
622 4751 658 4805 86
677 4754 706 4802 B.
