3608 5460
232 453 305 524 [131]
380 481 421 520 on
435 480 546 521 aruum
562 481 601 520 nr
616 481 720 520 aarum
736 479 909 521 nocrarusn
926 480 1113 520 rmrouroau
1129 480 1368 521 unuuaaarroun
1497 458 1517 521 3

230 678 325 733 esset.
348 668 414 750 Qui
437 690 496 755 pro
520 670 640 734 eximia
663 692 723 734 sua
746 668 975 733 benevolentia
997 678 1094 755 atque
1116 669 1319 734 humanitate
1344 670 1515 734 certiorem

231 796 284 839 me
307 773 386 840 fecit
410 797 444 839 se
467 775 540 839 aliis
564 775 681 840 studiis
704 775 856 840 obrutum
879 773 965 841 hanc
989 776 1213 862 quaestionem
1246 777 1399 862 persequi
1430 775 1517 841 nolle

231 881 376 967 mihique
398 904 471 946 eam
494 881 725 969 perficiendam
749 882 865 947 faustis
888 882 1051 947 ominibus
1074 884 1271 969 permittere.
1295 883 1369 963 Quo
1393 881 1517 947 factum

230 999 288 1073 est,
312 999 349 1053 ut
371 988 495 1075 aliquot
518 989 685 1054 mensibus
708 991 743 1052 in
767 989 907 1077 Apuleio
931 1000 964 1054 et
986 989 1108 1054 Albino
1130 989 1349 1076 comparando
1366 1010 1518 1055 consum-

229 1097 295 1182 ptis
317 1097 395 1183 ipse,
420 1119 515 1182 quem
539 1095 620 1159 mihi
642 1096 809 1161 invenisse
832 1096 955 1181 videor,
980 1118 1195 1183 proponerem
1225 1095 1347 1161 laboris
1364 1097 1517 1162 fructum.

338 1203 403 1269 Sed
426 1224 467 1268 ne
490 1204 524 1266 in
549 1203 798 1289 comparationis
823 1203 963 1268 decursu
988 1225 1034 1287 ea,
1058 1226 1142 1289 quae
1165 1202 1206 1267 ab
1230 1202 1288 1268 illo
1311 1227 1353 1268 ex
1375 1202 1437 1267 hoo
1460 1225 1517 1268 ex-

228 1310 358 1395 scripta,
382 1332 553 1397 perperam
576 1309 753 1394 intellecta,
786 1310 912 1375 detorta
935 1333 1006 1375 esse
1031 1309 1194 1394 dicuntur,
1225 1309 1452 1396 elegentibus
1475 1309 1517 1373 ad

229 1415 344 1479 Albini
366 1416 551 1481 referantur
574 1416 777 1502 opusculum,
802 1415 888 1504 quod
911 1426 1038 1502 praesto
1063 1427 1120 1502 est,
1143 1440 1251 1504 pauca
1274 1416 1516 1503 praemonenda

229 1545 380 1587 necnon
403 1521 622 1610 disquisitioni
645 1524 875 1611 praeripiendo
898 1547 969 1588 esse
985 1523 1147 1589 videntur.
1170 1524 1287 1611 Itaque
1309 1522 1372 1589 hoc
1389 1545 1518 1610 semper

229 1630 387 1695 memoria
408 1630 586 1696 tenendum
617 1641 667 1695 est
696 1632 737 1696 ab
760 1631 900 1716 Apuleio
923 1631 1064 1696 eundem
1088 1631 1213 1695 fontem
1236 1631 1401 1697 Graecum
1425 1631 1517 1717 expi-

224 1736 332 1800 ‚latum
356 1758 439 1823 esse,
460 1760 523 1824 quo
547 1739 645 1803 etiam
669 1737 810 1804 Albinus
833 1761 913 1802 usus
937 1739 979 1802 sit
1000 1739 1055 1820 ita,
1081 1748 1117 1802 ut
1133 1761 1207 1802 eum
1224 1738 1259 1801 in
1275 1738 1408 1802 brevem
1426 1760 1516 1801 sum-

231 1864 319 1906 mam
343 1843 519 1930 collegerit.
544 1845 637 1924 Quae
660 1847 694 1908 in
719 1856 855 1930 utroque
885 1845 972 1910 inter
994 1866 1029 1909 se
1053 1854 1236 1930 congruant
1261 1844 1302 1908 ad
1325 1844 1420 1908 illum
1444 1843 1516 1910 fon-

228 1959 296 2013 tem
318 1949 491 2015 referenda
514 1974 593 2034 esse,
616 1975 699 2037 quae
722 1951 884 2037 Apuleius
906 1951 1003 2038 plura
1031 1950 1151 2016 habeat
1174 1974 1272 2038 quam
1297 1951 1438 2016 Albinus
1462 1973 1515 2017 ea-

228 2056 368 2144 demque
398 2058 440 2122 ad
471 2059 574 2144 ipsius
606 2059 749 2123 Platonis
780 2058 883 2123 verba
913 2059 1061 2144 proxime
1092 2057 1292 2143 accedentia,
1323 2082 1362 2123 ea
1384 2059 1516 2122 interim

225 2186 270 2229 ex
286 2165 422 2230 Platone
438 2187 510 2230 esse
526 2164 731 2252 explicanda,
748 2166 852 2231 donec
875 2166 1117 2252 comparatione
1133 2165 1284 2230 absoluta
1299 2165 1448 2230 futurum
1464 2165 1515 2250 sit,

229 2283 265 2336 ut
288 2271 362 2336 fons
379 2273 561 2337 communis
585 2273 771 2338 accuratius
788 2270 970 2337 definiatur.
986 2272 1040 2336 Ad
1055 2295 1153 2359 quem
1177 2271 1275 2336 finem
1292 2294 1331 2337 ea
1347 2273 1401 2336 via
1416 2272 1516 2357 longa

229 2400 292 2444 nec
314 2401 381 2444 non
404 2378 532 2444 difficili
548 2379 769 2445 incedendum
794 2389 851 2464 est,
866 2390 902 2443 ut
918 2402 983 2443 non
999 2379 1105 2443 solum
1122 2401 1235 2444 omnes
1254 2379 1441 2464 sententiae,
1456 2377 1515 2443 sed

225 2485 298 2550 ¹fere
313 2485 416 2551 verba
440 2485 558 2574 Apulei
582 2509 658 2552 oum
681 2487 794 2551 Albini
818 2497 851 2551 et
865 2487 1011 2552 Platonis
1027 2486 1272 2574 exemplaribus
1289 2487 1514 2551 conferantur:

228 2615 305 2656 nam
329 2614 366 2656 eo
390 2592 522 2656 demum
545 2593 641 2657 modo
672 2616 784 2658 omnes
815 2593 1038 2679 obscuritates,
1062 2617 1142 2681 quas
1167 2592 1284 2658 densas
1308 2615 1379 2658 esse
1403 2614 1514 2658 omncs

227 2698 428 2786 profitentur,
451 2700 699 2784 amovebuntur,
723 2723 835 2766 omnes
859 2700 1014 2786 ambages
1030 2700 1216 2787 dirigentur
1240 2699 1295 2766 vel
1318 2700 1433 2765 saltem
1456 2720 1515 2765 ex·

226 2806 438 2893 plicabuntur
461 2816 493 2870 et
515 2829 581 2871 non
604 2805 710 2870 solum
734 2806 899 2892 cogitandi
918 2817 1015 2892 atque
1031 2806 1244 2893 intellegendi
1260 2806 1400 2872 facultas
1423 2808 1514 2895 Apu-

227 2913 336 2979 leiana
357 2913 584 2998 illustrabitur,
608 2937 673 2978 non
696 2912 802 2978 solum
825 2913 992 2978 scribendi
1015 2935 1069 2978 ars
1100 2924 1134 2978 et
1155 2915 1237 2978 ratio
1269 2927 1514 3000 cognoscentur,

223 3019 284 3086 sed
307 3021 406 3086 etiam
429 3022 597 3108 scriptoris
620 3020 723 3086 verba
746 3020 820 3106 plus
843 3021 1058 3108 quinquagies
1081 3020 1353 3085 emendabuntur.

332 3127 480 3193 Platonis
504 3129 573 3192 vita
595 3131 779 3208 enarrata¹)
813 3127 855 3192 ad
879 3127 1027 3193 consulta
1050 3129 1121 3192 eius
1144 3125 1373 3192 adumbranda
1395 3129 1513 3192 transit

227 3234 401 3322 Apuleius,
431 3257 516 3322 quae
547 3257 623 3300 curn
656 3235 699 3299 ad
730 3233 874 3319 vivendi,
910 3233 1140 3321 intellegendi,
1170 3233 1325 3320 loquendi
1353 3235 1514 3299 rationem

228 3343 390 3427 pertinere
415 3343 480 3408 sibi
501 3343 709 3429 persuaserit,
734 3341 947 3406 nihilominus
970 3364 990 3405 a
1012 3340 1216 3428 philosophia
1239 3340 1390 3426 naturali,
1414 3341 1514 3406 idest

226 3471 247 3513 a
271 3448 491 3513 consultorum
514 3459 606 3536 parte
617 3449 770 3534 secunda,
792 3449 922 3513 initium
947 3453 1032 3535 capit
1055 3448 1283 3532 disserendis).
1308 3450 1400 3514 Haeo
1424 3449 1512 3513 enim

225 3554 432 3643 philosophia
454 3555 496 3619 ad
518 3555 776 3642 intellegendum
798 3557 962 3643 pertinere
984 3555 1127 3639 videtur,
1157 3576 1231 3619 cum
1267 3553 1410 3620 vivendo
1444 3554 1512 3640 phi-

226 3661 373 3750 losophia
406 3662 539 3727 moralis
570 3663 736 3747 inserviat,
767 3662 929 3748 loquendo
960 3661 1140 3726 dialectica.
1166 3661 1349 3726 -Eidem
1390 3661 1512 3747 triplici

223 3768 447 3857 philosophiae
470 3769 656 3834 Platonicae
678 3770 846 3856 partitioni
869 3768 1011 3834 Albinus
1034 3768 1257 3855 philosophiae
1282 3778 1313 3832 et
1334 3769 1512 3855 sapientiae

225 3877 403 3963 praemittit
426 3877 647 3958 definitionem
657 3880 681 3959 Β)
704 3885 737 3941 et
760 3876 1014 3960 descriptionem
1037 3874 1220 3961 philosophi
1229 3877 1256 3958 4)
1272 3874 1425 3962 vitaeque
1440 3877 1511 3941 eius

226 3983 497 4071 contemplativae
520 3982 738 4048 conditionem
762 4006 782 4047 a
805 3984 874 4048 vita
897 3983 1007 4048 activa
1030 3983 1109 4046 satis
1133 3981 1272 4045 alienam
1286 3987 1318 4066 ⁵).
1342 3983 1385 4047 Et
1408 3985 1511 4048 vitam

222 4091 356 4176 quidem
381 4090 667 4177 contemplativam
690 4090 726 4153 in
748 4089 853 4154 trihus
876 4090 1080 4176 potissimum
1104 4089 1230 4152 versari
1254 4088 1347 4153 dicit:
1375 4089 1411 4152 in
1434 4111 1511 4154 con-

226 4197 435 4284 templatione
466 4208 497 4262 et
528 4197 714 4283 cognitione
745 4219 865 4281 eorum,
896 4219 978 4282 quae
1010 4204 1099 4277 sunt3
1127 4196 1163 4257 in
1186 4195 1346 4259 virtutum
1370 4194 1510 4278 actione3

330 4388 352 4460 ¹²)
371 4411 397 4459 p.
416 4393 531 4457 tta-66,
560 4393 592 4446 11
619 4394 806 4445 Goldbacheri.
831 4395 907 4444 Haec
926 4409 988 4458 pars
1013 4407 1133 4443 seorsum
1158 4392 1322 4442 tractabitur
1340 4392 1369 4441 in
1388 4406 1522 4443 excursus

332 4479 396 4550 'lp-
415 4482 458 4548 66,
478 4480 591 4536 11-16.
649 4480 669 4549 ¹)
694 4498 716 4534 c.
742 4482 758 4535 1
785 4500 810 4548 p.
830 4480 855 4545 9,
875 4481 953 4533 με).
979 4483 1113 4531 Notantur
1138 4481 1255 4547 paginae
1281 4479 1405 4530 editionis
1431 4481 1460 4532 O.
1479 4482 1510 4533 F.

225 4571 375 4621 Hermanni
394 4573 440 4637 (VI
458 4573 510 4625 vol.
530 4571 655 4622 editionis
673 4572 795 4622 Platonis
813 4567 1037 4638 Teubnerianae),
1056 4569 1103 4635 qui
1122 4570 1298 4635 appendicem
1316 4568 1449 4633 peculiari
1467 4585 1510 4619 or·

224 4661 301 4710 navit
320 4662 511 4714 numeratione.
540 4661 609 4711 Mihi
636 4661 743 4726 quidem
771 4661 853 4711 etiam
878 4675 970 4709 versus
997 4659 1155 4709 numerandi
1180 4663 1264 4708 erant.
1321 4656 1341 4722 ⁴)
1367 4673 1392 4709 v.
1412 4655 1510 4710 5-24.

225 4747 244 4816 ⁸)
264 4765 286 4802 c.
307 4749 331 4801 2.

1478 4854 1511 4906 1*
