3608 5460
260 456 331 529 [158]
406 466 448 506 un
462 466 573 507 aruum
588 466 627 506 nr
641 466 744 506 aunuu
759 465 932 507 uocrnruun
947 466 1135 508 unaucurcun
1150 464 1387 508 auuunuurrouu
1495 442 1537 507 25

260 656 424 742 utrimque
446 655 527 719 vitia
551 654 674 741 (κακίαι)
698 654 844 740 conspici
867 653 959 740 dixit,
983 676 1120 742 quorum
1144 653 1282 719 alterum
1302 677 1439 720 excessu
1456 656 1539 740 (καθ’

261 764 437 851 ὑπερβολήν),
460 761 597 826 alterum
621 759 751 826 defectu
768 759 853 843 (καθ’
876 753 997 842 ἔνδειαν)
1021 771 1141 848 peccet
1164 763 1255 826 Inter
1271 761 1421 847 exempla
1444 762 1484 827 ab
1501 784 1539 826 eo

210 935 212 939 ,
259 868 384 956 prolata
406 869 505 933 etiam
528 871 641 932 ἀσωτία
664 878 696 932 et
719 869 807 956 φόβος
829 869 1046 933 nominantur.
1069 869 1183 954 Itaque
1196 890 1271 932 cum
1288 867 1446 954 Apuleius
1470 891 1539 933 ma-

260 975 362 1040 litiam
387 975 589 1042 abundantia
618 975 791 1061 inopiaque
822 986 972 1040 constare
1003 974 1091 1059 dicit,
1122 973 1277 1040 Albinum
1299 977 1457 1062 sequitur3
1481 975 1539 1040 sed

260 1083 294 1147 in
318 1082 461 1148 malitiae
490 1083 745 1148 inconcinnitate
776 1080 991 1147 describenda
1020 1093 1053 1148 et
1083 1084 1117 1146 in
1149 1083 1277 1147 animae
1300 1082 1442 1170 partium
1465 1105 1539 1169 per-

260 1189 444 1255 turbatione
475 1189 758 1254 commemoranda
789 1189 830 1252 ad
862 1188 1028 1253 Platonem
1038 1194 1062 1267 1)
1093 1189 1186 1254 redit.
1217 1189 1395 1254 Albiniana
1424 1211 1539 1252 rursus

261 1307 337 1361 sunt
360 1319 407 1382 ea,
430 1319 513 1384 quae
536 1297 576 1362 de
599 1297 698 1362 trium
722 1297 850 1361 animae
873 1297 1014 1382 partium
1039 1297 1217 1362 virtutibus
1241 1308 1274 1362 et
1289 1297 1379 1362 vitiis
1403 1319 1539 1360 narran-

260 1407 355 1486 tur'fl).
380 1405 423 1468 Et
444 1403 501 1468 ille
510 1409 535 1488 3)
558 1404 646 1469 enim
669 1403 875 1490 prudentiam
898 1403 1095 1469 indocilitati
1118 1407 1261 1494 (φρόνησιν
1289 1408 1418 1491 ἀμαθίᾳ)
1442 1426 1540 1490 oppo—

260 1511 318 1594 nit,
342 1511 435 1576 cuius
458 1510 522 1575 duo
546 1512 637 1576 novit
656 1533 788 1596 genera:
812 1511 1009 1598 imperitiam
1026 1515 1168 1599 (ἀμαθία)
1183 1524 1215 1576 et
1235 1512 1417 1577 fatuitatem
1442 1515 1539 1599 (ἀφρο-

261 1616 387 1706 σύνη)4).
421 1619 465 1683 Et
496 1628 531 1682 ut
560 1616 702 1683 Albinus
734 1618 781 1682 eis
813 1619 941 1682 animae
971 1618 1128 1706 partibus,
1162 1641 1245 1706 quae
1269 1621 1395 1684 ratione
1419 1628 1540 1702 carent,

261 1725 398 1789 affectus
420 1724 570 1790 attribuit
592 1724 915 1812 perturbationesque
925 1727 958 1811 ⁵),
981 1727 1027 1790 ita
1050 1726 1210 1812 Apuleius
1233 1725 1295 1791 hoc
1324 1725 1395 1791 loco
1418 1725 1459 1789 de
1483 1747 1540 1789 cu-

260 1832 452 1918 piditatibus
475 1832 573 1896 etiam
596 1832 751 1897 narravit.

367 1939 419 2003 Ita
450 1939 588 2003 multum
619 1940 685 2003 iam
716 1940 751 2002 in
781 1940 940 2003 virtutum
971 1939 1189 2026 descriptione
1212 1953 1361 2005 versatus
1384 1941 1539 2004 virtutem

261 2047 365 2133 ipsam
395 2045 541 2109 nondum
566 2044 721 2111 definivit.
767 2046 869 2113 Onius
900 2045 1045 2111 definitio
1077 2047 1164 2135 apud
1194 2047 1351 2112 Albinum
1374 2046 1455 2111 haec
1478 2058 1539 2110 est:

261 2151 337 2241 αὐτὴ
360 2154 412 2242 μέν
436 2155 497 2217 ἐστι
521 2145 648 2227 διάθεσις
671 2152 765 2243 ψυχῆς
787 2156 887 2218 τελεία
910 2157 960 2218 καὶ
983 2157 1132 2243 βελτίστη,
1161 2155 1328 2244 εὐσχήμονα
1350 2157 1400 2218 καὶ
1422 2155 1539 2241 crippu-

261 2285 306 2324 νον
329 2263 378 2324 καὶ
401 2261 516 2345 βέβαιον
538 2261 707 2349 παρέχουσα
737 2264 789 2325 τὰν
813 2261 967 2348 ἄνθρωπον
998 2264 1028 2325 ἐν
1051 2273 1095 2345 τῷ
1118 2264 1214 2350 λέγειν
1237 2265 1285 2326 καὶ
1307 2262 1445 2350 πράττειν
1468 2264 1540 2325 καθ’

261 2369 365 2432 ἑαυτὸν
387 2370 436 2431 καὶ
458 2370 527 2457 πρὸς
558 2368 708 2453 ἀλλουςθ).
754 2369 861 2450 Quam
886 2369 1117 2454 definitionem,
1139 2369 1268 2433 Platoni
1291 2391 1422 2456 prorsus
1446 2370 1540 2453 igno-

259 2486 336 2558 tam,
361 2474 519 2561 Apuleius
542 2475 584 2539 ad
608 2475 747 2540 verbum
770 2476 840 2540 fere
863 2499 881 2541 e
904 2475 1031 2542 Graeco
1054 2475 1234 2563 exemplari
1262 2477 1369 2562 vertit,
1393 2498 1467 2541 oum
1492 2475 1539 2539 di-

260 2582 310 2645 xit
322 2584 357 2663 7);
384 2583 605 2667 ,virtutem...
629 2583 778 2648 habitum
808 2605 880 2648 esse
903 2585 1021 2648 mentis
1045 2585 1165 2669 optime
1189 2594 1220 2648 et
1243 2583 1396 2648 nobiliter
1419 2583 1540 2668 figura-

260 2700 331 2752 tum
354 2688 551 2778 (εὐσχήμονα),
574 2712 657 2776 quae
680 2690 874 2756 concordem
899 2689 963 2754 sibi
985 2702 1017 2756 et
1039 2692 1194 2777 quietum,
1218 2701 1416 2756 constantem
1442 2692 1539 2756 etiam

261 2818 335 2860 eum
359 2794 448 2882 facit,
472 2798 526 2861 cui
549 2796 648 2862 fuerit
679 2795 819 2861 fideliter
849 2799 973 2882 intima,
1002 2820 1068 2862 non
1099 2797 1210 2862 verbis
1233 2797 1338 2883 modo,
1361 2797 1418 2861 sed
1443 2797 1540 2862 iactis

261 2903 359 2967 ctiam
382 2926 493 2969 secum
525 2916 556 2968 et
588 2927 662 2968 cum
687 2905 802 2969 ceteris
826 2905 1092 2990 congruentem“.
1138 2906 1278 2970 Virtutis
1307 2926 1540 2970 commemora-

260 3011 346 3075 tione
370 3010 501 3075 ducitur
522 3012 551 3074 is
575 3011 706 3097 quidem
730 3033 880 3075 rursus
903 3011 946 3076 ad
969 3013 1145 3098 imaginem
1168 3014 1303 3077 rationis
1326 3035 1425 3098 supra
1448 3013 1540 3099 cupi-

261 3116 412 3182 ditatates
435 3118 632 3182 dominantis
642 3120 676 3205 ⁸),
699 3141 796 3206 quam
818 3121 885 3184 iam
908 3121 943 3183 in
966 3119 1091 3184 malitia
1114 3119 1328 3184 describenda
1350 3120 1482 3183 inversa
1498 3142 1540 3183 ex

260 3234 352 3310 parte
375 3223 568 3312 depinxit).
599 3226 683 3290 Nam
715 3237 746 3291 et
769 3225 909 3291 Albinus
938 3227 980 3290 ad
1003 3227 1206 3291 iustitiae
1229 3228 1298 3290 vim
1321 3226 1539 3292 definiendam

261 3353 332 3395 eam
356 3331 462 3396 denuo
484 3333 624 3418 induxit,
647 3357 728 3420 quae
753 3333 864 3420 efficit,
887 3345 922 3399 ut
944 3345 1011 3401 tres
1026 3336 1155 3399 animae
1177 3335 1263 3399 inter
1287 3356 1321 3398 se
1344 3335 1541 3398 conveniant

260 3447 369 3523 partes
392 3439 537 3525 ratioque
560 3440 705 3528 imperet,
728 3441 872 3529 reliquae
895 3464 973 3507 vero
989 3454 1098 3530 partes
1113 3463 1172 3529 pro
1189 3465 1247 3505 sua
1262 3442 1457 3527 proprietate
1473 3442 1540 3504 sin-

261 3544 358 3629 gulae
389 3544 602 3611 cohibeantur
632 3570 652 3611 a
685 3549 810 3613 ratione
841 3572 1027 3637 moremque
1058 3549 1107 3613 illi
1130 3559 1247 3634 gerant
1263 3553 1305 3631 ¹⁰).
1334 3549 1540 3613 Iniustitiae

261 3651 332 3716 loco
355 3651 514 3738 Apuleius
530 3655 684 3719 virtutem
709 3656 823 3742 posuit,
847 3657 881 3719 in
905 3656 1039 3743 reliquis
1063 3656 1204 3721 fideliter
1219 3655 1375 3720 Albinum
1400 3666 1540 3720 secutus.

260 3760 342 3823 Eius
365 3764 595 3824 ἀντακολουθεῖν
618 3761 762 3827 reddidit
785 3784 842 3848 per
864 3760 940 3828 hoc:
969 3762 1163 3850 ,tranquillo
1186 3762 1367 3826 ministerio
1397 3762 1540 3847 fungan-

260 3867 343 3930 tur“.
368 3866 465 3947 Quod
488 3879 597 3932 autem
628 3867 669 3932 de
699 3871 820 3934 virtute
851 3871 983 3957 scripsit
1016 3870 1178 3954 unimoda,
1211 3868 1293 3933 nihil
1317 3869 1486 3953 indigente
1508 3879 1541 3933 et

261 3995 373 4039 secum
397 3977 654 4061 congruentell),
678 3976 711 4040 id
735 4000 754 4040 a
777 3976 923 4041 Platonis
940 4000 1017 4042 vere
1040 3977 1173 4060 b0n012)
1196 3977 1261 4041 huc
1277 3975 1450 4040 transtulit.
1467 3977 1540 4040 Hac

261 4080 392 4145 virtutis
417 4081 636 4146 concinnitate
660 4094 919 4169 commemorata,
943 4085 1109 4170 repetit
1140 4106 1186 4169 ea,
1217 4105 1300 4172 quae
1328 4087 1475 4170 supra13)
1499 4082 1540 4146 de

261 4187 488 4252 medietatibus
513 4187 597 4253 dixit
626 4189 681 4274 ita,
704 4201 740 4254 ut
763 4193 859 4256 etiam
884 4191 982 4256 aliam
1006 4192 1163 4256 virtutum
1187 4201 1287 4279 ponat
1311 4190 1540 4273 definitionem,

371 4455 389 4525 ¹)
408 4459 474 4508 Tim.
494 4457 645 4525 88Bsqq.
738 4459 996 4528 2)μ83,12-20.
1089 4459 1109 4526 ⁸)
1128 4477 1150 4512 c.
1170 4459 1213 4512 29.
1300 4461 1320 4525 ⁴)
1339 4477 1364 4524 p.
1384 4459 1427 4522 39,
1447 4459 1479 4511 11
1501 4475 1538 4520 sq.

261 4543 282 4611 δ)
301 4563 326 4609 p.
345 4544 389 4611 38,
408 4546 442 4598 17
461 4564 499 4612 sq.
582 4546 643 4614 ⁸)c.
664 4546 699 4600 29
718 4551 753 4600 in.
838 4547 857 4614 ⁷)
876 4569 900 4615 p.
920 4547 963 4613 84,
982 4549 1000 4602 4
1019 4567 1074 4615 sqq.
1158 4547 1177 4616 ⁸)
1198 4552 1235 4600 ib.
1255 4567 1280 4602 v.
1299 4549 1317 4602 8
1336 4566 1391 4614 sqq.
1475 4546 1495 4613 ⁹)
1513 4565 1539 4612 p.

260 4633 304 4700 83,
324 4633 342 4686 d
360 4651 416 4700 sqq.
492 4634 521 4703 ¹⁰)
542 4655 567 4702 p.
586 4637 622 4690 38
641 4645 707 4688 extr.
781 4639 812 4704 11)
831 4656 855 4702 p.
876 4637 919 4703 84,
941 4638 972 4691 11
993 4656 1048 4705 sqq.
1126 4637 1157 4705 ¹²)
1176 4641 1210 4692 cf.
1236 4655 1258 4689 e.
1285 4656 1310 4704 g.
1330 4638 1432 4690 Phileb.
1453 4636 1488 4689 20
1507 4640 1539 4690 D.

260 4725 327 4777 Tim.
347 4723 382 4777 87
402 4725 429 4775 Ο.
504 4724 535 4791 ¹³)
554 4743 578 4790 p.
598 4724 642 4790 82,
660 4727 696 4779 23
714 4742 769 4792 sqq.
